=LDR  00875 am a22002533a 4500
=001  013435086
=003  Uk
=005  20200417183132.0
=008  060327s\\\\\\\\\\\\\\\\\\\\\\\0\\\\eng\\
=FMT  \\$a  BK
=245  \0$aNational workforce planning framework 2005 - guidance.
=260  \\$aEdinburgh :$bScottish Executive,$c2005.
=336  \\$atext$2rdacontent
=337  \\$aunmediated$2rdamedia
=338  \\$avolume$2rdacarrier
=490  \\$aNHS HDL$v(2005) 52
=852  41$aBritish Library$bHMNTS$jDigital store
=985  \\$aUpgraded by BSS-generated file for WR1910-0531
=CAT  \\$a7750$b40$c20060327$lBLL01$h1124
=CAT  \\$a7750$b40$c20060327$lBLL01$h1125
=CAT  \\$aW1711-1225$c20171203$lBLL01$h1023
=CAT  \\$aW1910-0531$b00$c20200417$lBLL01$h1831
=STA  \\$aSUPPRESSED$bunable to determine reason for suppression
=LAS  \\$aW1910-0531$b00$c20200417$lBLL01$h1831

