=LDR  01001 as a22003013  4500
=001  008569578
=003  Uk
=005  20051107143836.0
=007  cu||||
=008  040417m\\\\\\\\|||a||||s||||||||||0und\\
=FMT  \\$a  SE
=245  00$aTOTAL GUITAR NEWSLETTER - DIGITAL STORE
=336  \\$atext$2rdacontent
=337  \\$acomputer$2rdamedia
=852  41$aBritish Library$bHMNTS$jDigital store$3Dec. 2004-Sep.2005
=A02  \\$a1113329$z113329
=CAT  \\$aCONV$b00$c20040425$lBLL90$h0714
=CAT  \\$aCONV$b00$c20040502$lBLL01$h1257
=CAT  \\$a11249$b40$c20051107$lBLL01$h1438
=CAT  \\$aBATCH$b00$c20091209$lBLL01$h0226
=CAT  \\$aBATCH$b00$c20091214$lBLL01$h0334
=CAT  \\$aBATCH$b00$c20091216$lBLL01$h0114
=CAT  \\$aBATCH-UPD$b00$c20121031$lBLL01$h1323
=CAT  \\$aW1711-1225$c20171203$lBLL01$h1019
=SRC  \\$aDSS04$bbibld.200404.2.aa
=STA  \\$aSUPPRESSED$bunable to determine reason for suppression
=TCO  \\$aZZZ$c008
=LAS  \\$aW1711-1225$b00$c20171203$lBLL01$h1019

