=LDR  01168 as a22003253  4500
=001  007195821
=003  Uk
=005  20210423181715.0
=008  040416u\\\\uuuu|||q|||||||||||||||0eng\\
=FMT  \\$a  SE
=245  00$aEUROPEAN ECONO PROPERTY BRIEF -DIGITAL STORE
=336  \\$atext$2rdacontent
=337  \\$aunmediated$2rdamedia
=338  \\$avolume$2rdacarrier
=883  0\$aLanguage codes assigned by Bayesian analysis of words present in record$d20210115$qUk$c0.9450
=852  41$aBritish Library$bSTI$jDIGITAL STORE$32002 Pt. 3
=A02  \\$a3006527$z0
=CAT  \\$aCONV$b00$c20040425$lBLL90$h0713
=CAT  \\$aCONV$b00$c20040502$lBLL01$h1212
=CAT  \\$a11249$b40$c20050408$lBLL01$h0923
=CAT  \\$aBATCH$b00$c20091207$lBLL01$h0417
=CAT  \\$aBATCH$b00$c20091214$lBLL01$h0222
=CAT  \\$aBATCH$b00$c20091216$lBLL01$h0041
=CAT  \\$a8201$b40$c20111101$lBLL01$h1210
=CAT  \\$aW1711-1225$c20171203$lBLL01$h1018
=CAT  \\$aW2102-0046$b00$c20210423$lBLL01$h1817
=SRC  \\$aDSS03$bbibsr.200404.2.aa
=STA  \\$aSUPPRESSED$bunable to determine reason for suppression
=TCO  \\$aZZZ$c008
=LAS  \\$aW2102-0046$b00$c20210423$lBLL01$h1817

