=LDR  00935 as a22002893  4500
=001  007197259
=003  Uk
=005  20050408091358.0
=008  040416c\\\\\\\\|||m|||||||||||||||0und\\
=FMT  \\$a  SE
=245  00$aTOTAL TELECOM - DIGITAL STORE
=336  \\$atext$2rdacontent
=337  \\$aunmediated$2rdamedia
=338  \\$avolume$2rdacarrier
=852  41$aBritish Library$bSTI$jDIGITAL STORE$32004
=A02  \\$a3026209$z0
=CAT  \\$aCONV$b00$c20040425$lBLL90$h0713
=CAT  \\$aCONV$b00$c20040502$lBLL01$h1212
=CAT  \\$a11249$b40$c20050408$lBLL01$h0913
=CAT  \\$aBATCH$b00$c20091207$lBLL01$h0417
=CAT  \\$aBATCH$b00$c20091214$lBLL01$h0223
=CAT  \\$aBATCH$b00$c20091216$lBLL01$h0042
=CAT  \\$aW1711-1225$c20171203$lBLL01$h1018
=SRC  \\$aDSS03$bbibsr.200404.2.aa
=STA  \\$aSUPPRESSED$bunable to determine reason for suppression
=TCO  \\$aZZZ$c008
=LAS  \\$aW1711-1225$b00$c20171203$lBLL01$h1018

