=LDR  01358 am a2200421 a 4500
=001  007031207
=003  Uk
=005  20170619144623.0
=007  c|||||
=008  030410s1994\\\\enk\\\\|s\\\\\000\1|eng\\
=FMT  \\$a  BK
=015  \\$aGBA321732$2bnb
=019  y\$abA321732
=019  9\$abA321732
=020  \\$cNo price
=039  0\$a2738
=040  \\$aUk$cUk
=082  04$a823.914$221
=100  1\$aCunningham, Mike$q(James Michael)
=245  14$aThe strings of time$h[electronic resource] :$ba novel /$cby Mike Cunningham.
=260  \\$a[Great Britain] :$b[s.n.],$cc1994.
=336  \\$atext$2rdacontent
=337  \\$acomputer$2rdamedia
=500  \\$aTitle from title screen.
=650  \0$aTime travel$vFiction.
=650  \0$aViolinists$vFiction.
=886  2\$2ukmarc$a900$b10$aCunningham$hJames Michael$xSee$aCunningham, Mike (James Michael)$z100
=852  41$aBritish Library$bHMNTS$jDigital store
=CAT  \\$aCONV$b00$c20040425$lBLL90$h0531
=CAT  \\$aCONV$b00$c20040502$lBLL01$h1207
=CAT  \\$aBATCH$b00$c20091118$lBLL01$h2217
=CAT  \\$a10902$b40$c20170619$lBLL01$h1446
=CAT  \\$aW1711-1225$c20171203$lBLL01$h1018
=FIN  \\$aY
=LEO  \\$aMP5.0000019915
=SRC  \\$aBNB03$bbibmp5.200404.2.aa
=STA  \\$aSUPPRESSED$bunable to determine reason for suppression
=LAS  \\$aW1711-1225$b00$c20171203$lBLL01$h1018

