=LDR  01485 am a22004573i 4500
=001  017431727
=003  Uk
=005  20160105132150.0
=006  m\\\\||\\d\|\\\\\\
=007  cr\|||||||||||
=008  150703s2014\\\\ie\\\\\\ob\\\\0|0\1|eng\\
=FMT  \\$a  BK
=015  \\$aGBB600381$2bnb
=020  \\$a9781910544013
=040  \\$aUk$beng$cUk$erda
=042  \\$aukblsr
=082  04$a823.92$223
=100  1\$aO'Beara, Clare,$eauthor.
=240  10$aWorks.$kSelections
=245  14$aThe prisoner in the tower and Big cat bones /$cby Clara O'Beara.
=264  \1$a[Ireland] : :$bClare O'Beara,$c[2014]
=264  \4$c©2014
=300  \\$a1 online resource (23 unnumbered pages)
=336  \\$atext$2rdacontent
=337  \\$acomputer$2rdamedia
=338  \\$aonline resource$2rdacarrier
=504  \\$aIncludes bibliographical references.
=650  \0$aMammal remains (Archaeology)
=650  \0$aFelidae.
=655  \0$aHistorical fiction.
=700  12$aO'Beara, Clare.$tPrisoner in the tower.
=700  12$aO'Beara, Clare.$tBig cat bones.
=852  41$aBritish Library$bHMNTS$jDigital store
=CAT  \\$a10902$b40$c20150703$lBLL01$h0831
=CAT  \\$a10902$b40$c20150703$lBLL01$h0832
=CAT  \\$a10902$b40$c20150703$lBLL01$h0854
=CAT  \\$a7332$b40$c20160105$lBLL01$h1321
=CAT  \\$aW1711-1225$c20171203$lBLL01$h1056
=FIN  \\$aY$d20160105
=STA  \\$aSUPPRESSED$bunable to determine reason for suppression
=LAS  \\$aW1711-1225$b00$c20171203$lBLL01$h1056

