=LDR  01087 am a2200349 i 4500
=001  017431731
=003  Uk
=005  20160105134833.0
=006  m\\\\||\\d\|\\\\\\
=007  cr\|||||||||||
=008  150703s2014\\\\ie\\\\\jo\\\\\000\1\eng\\
=FMT  \\$a  BK
=015  \\$aGBB600390$2bnb
=020  \\$a9781910544037
=040  \\$aUk$beng$cUk$erda
=042  \\$aukblsr
=082  04$a823.92$223
=100  1\$aO'Beara, Clare,$eauthor.
=245  10$aRodeo Finn /$cby Clare O'Beara.
=264  \1$a[Ireland] :$bClare O'Beara,$c[2014?]
=300  \\$a1 online resource (99 unnumbered pages)
=336  \\$atext$2rdacontent
=337  \\$acomputer$2rdamedia
=338  \\$aonline resource$2rdacarrier
=650  \0$aRanch life$zArizona$vJuvenile fiction.
=852  41$aBritish Library$bHMNTS$jDigital store
=CAT  \\$a10902$b40$c20150703$lBLL01$h0855
=CAT  \\$a7332$b40$c20160105$lBLL01$h1348
=CAT  \\$aW1711-1225$c20171203$lBLL01$h1056
=FIN  \\$aY$d20160105
=STA  \\$aSUPPRESSED$bunable to determine reason for suppression
=LAS  \\$aW1711-1225$b00$c20171203$lBLL01$h1056

