=LDR  01294 am a2200361 i 4500
=001  017553682
=003  Uk
=005  20151209140645.0
=006  m\\\\||\\d\|\\\\\\
=007  cr\|||||||||||
=008  150922s2002\\\\enk\\\\\o\\\\\000\0\eng\\
=FMT  \\$a  BK
=015  \\$aGBB5H8606$2bnb
=040  \\$aUk$beng$cUk$erda
=042  \\$aukblsr
=082  04$a361.2509427685$223
=245  00$aRibble Valley Voluntary & Community Sector Compact.
=264  \1$a[Great Britain] :$b[Commission for the Compact],$c[2002?]
=300  \\$a1 online resource (10 unnumbered pages)
=336  \\$atext$2rdacontent
=337  \\$acomputer$2rdamedia
=338  \\$aonline resource$2rdacarrier
=650  \0$aAssociations, institutions, etc.$zEngland$zRibble Valley (Borough)
=650  \0$aLocal government$zEngland$zRibble Valley (Borough)
=650  \0$aVoluntarism$zEngland$zRibble Valley (Borough)
=650  \0$aCommunity development$zEngland$zRibble Valley (Borough)
=852  41$aBritish Library$bHMNTS$jDigital store
=CAT  \\$a10902$b40$c20150922$lBLL01$h1111
=CAT  \\$a7332$b40$c20151209$lBLL01$h1406
=CAT  \\$aW1711-1225$c20171203$lBLL01$h1056
=FIN  \\$aY$d20151209
=STA  \\$aSUPPRESSED$bunable to determine reason for suppression
=LAS  \\$aW1711-1225$b00$c20171203$lBLL01$h1056

