=LDR  00779 am a22002653i 4500
=001  018822421
=003  Uk
=005  20180404093507.0
=006  m\\\\||\\d\|\\\\\\
=007  cr\|||||||||||
=008  180404s\\\\\\\\enk\\\\\o\\\\\0|0\0|eng\\
=FMT  \\$a  BK
=020  \\$z9781910544090
=100  1\$aO'Beara, Clare.
=245  \0$aDINING OUT ON PLANET MERCURY.
=264  \1$a[Dublin] :$bClare O'Beara,$c2017.
=336  \\$atext$2rdacontent
=337  \\$acomputer$2rdamedia
=338  \\$aonline resource$2rdacarrier
=490  0\$aDining Out Around The Solar System
=852  41$aBritish Library$bHMNTS$jDigital store
=CAT  \\$a10902$b40$c20180404$lBLL01$h0931
=CAT  \\$a10902$b40$c20180404$lBLL01$h0935
=STA  \\$aSUPPRESSED$bvdep
=LAS  \\$a10902$b40$c20180404$lBLL01$h0935

