=LDR  00727 am a22002533i 4500
=001  018822437
=003  Uk
=005  20180404104210.0
=006  m\\\\||\\d\|\\\\\\
=007  cr\|||||||||||
=008  180404s\\\\\\\\enk\\\\\o\\\\\0|0\0|eng\\
=FMT  \\$a  BK
=020  \\$z9781910544082
=100  1\$aO'Beara, Clare.
=245  \0$aMURDER AGAINST THE CLOCK.
=264  \1$a[Dublin] :$bClare O'Beara.,$c2016.
=336  \\$atext$2rdacontent
=337  \\$acomputer$2rdamedia
=338  \\$aonline resource$2rdacarrier
=852  41$aBritish Library$bHMNTS$jDigital store
=CAT  \\$a10902$b40$c20180404$lBLL01$h1041
=CAT  \\$a10902$b40$c20180404$lBLL01$h1042
=STA  \\$aSUPPRESSED$bvdep
=LAS  \\$a10902$b40$c20180404$lBLL01$h1042

