=LDR  01892 am a2200469 i 4500
=001  017572368
=003  Uk
=005  20160420101159.0
=006  m\\\\||\\d\|\\\\\\
=007  cr\|||||||||||
=008  151007s2008\\\\enk\\\\\o\\\\\000\0\eng\\
=FMT  \\$a  BK
=015  \\$aGBB656052$2bnb
=040  \\$aUk$beng$cUk$erda
=042  \\$aukblsr
=082  04$a418.0071$223
=100  1\$aWhitby, Karen,$eauthor.
=245  10$aLANGUAGE LEARNING PROVISION AT KEY STAGE 2 :$bFINDINGS FROM THE 2007 SURVEY /$cKaren Whitby, Pauline Wade and Sandie Schagen. National Foundation for Educational Research.
=264  \1$a[London] :$bDepartment for Children, Schools and Families,$c2008.
=300  \\$a1 online resource (3 unnumbered pages).
=336  \\$atext$2rdacontent
=337  \\$acomputer$2rdamedia
=338  \\$aonline resource$2rdacarrier
=490  1\$aResearch brief ;$vDCSF-RBX-09-08
=500  \\$a"June 2008."
=650  \0$aEducation, Elementary$xCurricula$zEngland.
=650  \0$aLanguage and language$xStudy and teaching (Elementary)$zEngland.
=650  \0$aLanguages, Modern$xStudy and teaching (Elementary)$zEngland.
=690  7\$aSocial Welfare$2blcoll
=700  1\$aWade, Pauline,$eauthor.
=700  1\$aSchagen, Sandie,$eauthor.
=710  1\$aGreat Britain.$bDepartment for Education and Skills,$eissuing body.
=710  2\$aNational Foundation for Educational Research in England and Wales.
=830  \0$aResearch brief (Department for Education and Skills (Great Britain)) ;$vDCSF-RBX-09-08.
=852  41$aBritish Library$bHMNTS$jDigital store
=985  \\$a700/1 = new hdg.
=CAT  \\$a10902$b40$c20151007$lBLL01$h1114
=CAT  \\$a7332$b40$c20160420$lBLL01$h1011
=CAT  \\$aW1711-1225$c20171203$lBLL01$h1056
=FIN  \\$aY$d20160420
=STA  \\$aSUPPRESSED$bunable to determine reason for suppression
=LAS  \\$aW1711-1225$b00$c20171203$lBLL01$h1056

