=LDR  01222 am a2200373 i 4500
=001  017572377
=003  Uk
=005  20160120102848.0
=006  m\\\\||\\d\|\\\\\\
=007  cr\|||||||||||
=008  151007s2010\\\\enk\\\\\o\\\\\000\0\eng\\
=FMT  \\$a  BK
=015  \\$aGBB611624$2bnb
=040  \\$aUk$beng$cUk$erda
=042  \\$aukblsr
=082  04$a362.710942$223
=245  00$aSure Start Children's Centres :$bStatutory guidance.
=264  \1$a[London] :$bDepartment for Education,$c[2010]
=264  \4$c©2010
=300  \\$a1 online resource (31 pages)
=336  \\$atext$2rdacontent
=337  \\$acomputer$2rdamedia
=338  \\$aonline resource$2rdacarrier
=610  20$aSure Start (Programme)$xEvaluation.
=650  \0$aChildren$xServices for$zEngland.
=690  7\$aSocial Welfare$2blcoll
=710  1\$aGreat Britain.$bDepartment for Education,$eissuing body.
=852  41$aBritish Library$bHMNTS$jDigital store
=CAT  \\$a10902$b40$c20151007$lBLL01$h1124
=CAT  \\$a7332$b40$c20160120$lBLL01$h1028
=CAT  \\$aW1711-1225$c20171203$lBLL01$h1056
=FIN  \\$aY$d20160120
=STA  \\$aSUPPRESSED$bunable to determine reason for suppression
=LAS  \\$aW1711-1225$b00$c20171203$lBLL01$h1056

