=LDR  01576 am a2200409 i 4500
=001  017572383
=003  Uk
=005  20160120105955.0
=006  m\\\\||\\d\|\\\\\\
=007  cr\|||||||||||
=008  151007s2007\\\\enk\\\\\o\\\\\000\0\eng\\
=FMT  \\$a  BK
=015  \\$aGBB611631$2bnb
=040  \\$aUk$beng$cUk$erda
=042  \\$aukblsr
=082  04$a362.710942$223
=100  1\$aRidley-Moy, Kate,$eauthor.
=245  10$aSure Start Children's Centres Parental Satisfaction Survey :$bReport and Annexes 2007 /$cKate Ridley-Moy. Sure Start, Extended Schools and Childcare Research Team, Department for Education and Skills.
=264  \1$a[London] :$bDepartment for Education and Skills,$c[2007?]
=300  \\$a1 online resource (32 pages).
=336  \\$atext$2rdacontent
=337  \\$acomputer$2rdamedia
=338  \\$aonline resource$2rdacarrier
=490  1\$aResearch report ;$vRW108
=610  20$aSure Start (Programme)$xEvaluation.
=650  \0$aParents$zEngland$xAttitudes.
=650  \0$aSocial surveys$zEngland.
=690  7\$aSocial Welfare$2blcoll
=710  1\$aGreat Britain.$bDepartment for Education and Skills,$eissuing body.
=830  \0$aResearch report (Great Britain. Department for Education) ;$vRW108.
=852  41$aBritish Library$bHMNTS$jDigital store
=CAT  \\$a10902$b40$c20151007$lBLL01$h1130
=CAT  \\$a7332$b40$c20160120$lBLL01$h1059
=CAT  \\$aW1711-1225$c20171203$lBLL01$h1056
=FIN  \\$aY$d20160120
=STA  \\$aSUPPRESSED$bunable to determine reason for suppression
=LAS  \\$aW1711-1225$b00$c20171203$lBLL01$h1056

