=LDR  01434 am a2200409 i 4500
=001  017572386
=003  Uk
=005  20160125141221.0
=006  m\\\\||\\d\|\\\\\\
=007  cr\|||||||||||
=008  151007s2011\\\\enka\\\\o\\\\\000\0\eng\\
=FMT  \\$a  BK
=015  \\$aGBB612061$2bnb
=040  \\$aUk$beng$cUk$erda
=042  \\$aukblsr
=082  04$a372.942$223
=100  1\$aBew, Paul,$eauthor.
=245  10$aIndependent Review of Key Stage 2 testing, assessment and accountability :$bFinal Report /$cLord Bew.
=264  \1$a[London] :$b[Department for Education],$c2011.
=300  \\$a1 online resource (80 pages) :$b1 illustration (colour)
=336  \\$atext$2rdacontent
=337  \\$acomputer$2rdamedia
=338  \\$aonline resource$2rdacarrier
=500  \\$aJune 2011.
=650  \0$aEducation, Elementary$zEngland.
=650  \0$aEducational tests and measurements$zEngland.
=650  \0$aEducational accountability$zEngland.
=650  \0$aCurriculum-based assessment$zEngland.
=690  7\$aSocial Welfare$2blcoll
=710  1\$aGreat Britain.$bDepartment for Education.
=852  41$aBritish Library$bHMNTS$jDigital store
=CAT  \\$a10902$b40$c20151007$lBLL01$h1135
=CAT  \\$a7332$b40$c20160125$lBLL01$h1412
=CAT  \\$aW1711-1225$c20171203$lBLL01$h1056
=FIN  \\$aY$d20160125
=STA  \\$aSUPPRESSED$bunable to determine reason for suppression
=LAS  \\$aW1711-1225$b00$c20171203$lBLL01$h1056

