=LDR  01846 am a2200481 i 4500
=001  017572399
=003  Uk
=005  20160104105505.0
=006  m\\\\||\\d\|\\\\\\
=007  cr\|||||||||||
=008  151007s2009\\\\enka\\\\ob\\\\000\0\eng\\
=FMT  \\$a  BK
=015  \\$aGBB600030$2bnb
=020  \\$z9781847754158
=040  \\$aUk$beng$cUk$erda
=042  \\$aukblsr
=082  04$a370.15$223
=100  1\$aChallen, Amy,$eauthor.
=245  10$aUK Resilience Programme Evaluation :$bInterim Report /$cAmy Challen [and three others].
=264  \1$a[London] :$bDepartment for Children, Schools and Families,$c2009.
=300  \\$a1 online resource (121 pages) :$billustrations (black and white).
=336  \\$atext$2rdacontent
=337  \\$acomputer$2rdamedia
=338  \\$aonline resource$2rdacarrier
=490  1\$aResearch report ;$vDCSF-RR094
=500  \\$a"April 2009."
=504  \\$aIncludes bibliographical references.
=530  \\$aAlso issued in print format.
=610  20$aPenn Resiliency Program.
=610  20$aUK Resilience Programme.
=650  \0$aResilience (Personality trait) in children.
=650  \0$aYouth$xStudy and teaching$xActivity programs$zEngland$xEvaluation.
=690  7\$aSocial Welfare$2blcoll
=710  1\$aGreat Britain.$bDepartment for Children, Schools and Families,$epublisher.
=710  2\$aLondon School of Economics and Political Science.
=830  \0$aResearch report (Great Britain. Department for Children, Schools and Families) ;$vDCSF-RR094.
=852  41$aBritish Library$bHMNTS$jDigital store
=CAT  \\$a10902$b40$c20151007$lBLL01$h1146
=CAT  \\$a7332$b40$c20160104$lBLL01$h1055
=CAT  \\$aW1711-1225$c20171203$lBLL01$h1056
=FIN  \\$aY$d20160104
=STA  \\$aSUPPRESSED$bunable to determine reason for suppression
=LAS  \\$aW1711-1225$b00$c20171203$lBLL01$h1056

