=LDR  01791 am a2200469 i 4500
=001  017572414
=003  Uk
=005  20160418095623.0
=006  m\\\\||\\d\|\\\\\\
=007  cr\|||||||||||
=008  151007s2009\\\\enk\\\\\o\\\\\000\0\eng\\
=FMT  \\$a  BK
=015  \\$aGBB654085$2bnb
=020  \\$z9781847754165
=040  \\$aUk$beng$cUk$erda
=042  \\$aukblsr
=082  04$a371.141240941$223
=100  1\$aMaguire, Sue$q(Susan M.),$eauthor.
=245  10$aActivity Agreement Pilots :$bProcess Evaluation /$cSue Maguire [and eight others].
=264  \1$a[London] :$bDepartment for Children, Schools and Families,$c2009.
=300  \\$a1 online resource (ii, 43 pages).
=336  \\$atext$2rdacontent
=337  \\$acomputer$2rdamedia
=338  \\$aonline resource$2rdacarrier
=490  1\$aResearch report ;$vDCSF-RR095
=500  \\$a"April 2009."
=530  \\$aAlso issued in print format.
=650  \0$aYouth$xStudy and teaching$xActivity programs$zEngland$xEvaluation.
=690  7\$aSocial Welfare$2blcoll
=710  1\$aGreat Britain.$bDepartment for Children, Schools and Families,$eissuing body.
=710  2\$aInstitute for Employment Studies.
=710  2\$aUniversity of Warwick.$bCentre for Education and Industry.
=830  \0$aResearch report (Great Britain. Department for Children, Schools and Families) ;$vDCSF-RR095.
=852  41$aBritish Library$bHMNTS$jDigital store
=CAT  \\$a10902$b40$c20151007$lBLL01$h1204
=CAT  \\$a7332$b40$c20160418$lBLL01$h0735
=CAT  \\$a7332$b40$c20160418$lBLL01$h0947
=CAT  \\$a7332$b40$c20160418$lBLL01$h0956
=CAT  \\$aW1711-1225$c20171203$lBLL01$h1056
=FIN  \\$aY$d20160418
=STA  \\$aSUPPRESSED$bunable to determine reason for suppression
=LAS  \\$aW1711-1225$b00$c20171203$lBLL01$h1056

