=LDR  01930 am a2200481 i 4500
=001  017572422
=003  Uk
=005  20160418110727.0
=006  m\\\\||\\d\|\\\\\\
=007  cr\|||||||||||
=008  151007s2009\\\\enka\\\\ob\\\\000\0\eng\\
=FMT  \\$a  BK
=015  \\$aGBB654095$2bnb
=020  \\$z9781847754189
=040  \\$aUk$beng$cUk$erda
=042  \\$aukblsr
=082  04$a331.341370942$223
=100  1\$aNewton, Becci,$eauthor.
=245  10$aActivity and Learning Agreement Pilots.$nWorking paper 3,$pActivity Agreement Provision :$bProgramme Theory Evaluation /$cBecci Newton, Claire Johnson and Harriet Fearn.
=264  \1$a[London] :$bDepartment for Children, Schools and Families,$c2009.
=300  \\$a1 online resource (ii, 76 pages) :$billustrations (colour).
=336  \\$atext$2rdacontent
=337  \\$acomputer$2rdamedia
=338  \\$aonline resource$2rdacarrier
=490  1\$aResearch report ;$vDCSF-RR097
=500  \\$a"April 2009."
=504  \\$aIncludes bibliographical references.
=530  \\$aAlso issued in print format.
=650  \0$aYouth$xStudy and teaching$xActivity programs$zEngland$xEvaluation.
=690  7\$aSocial Welfare$2blcoll
=700  1\$aJohnson, Claire$c(Research fellow),$eauthor.
=700  1\$aFearn, Harriet,$eauthor.
=710  1\$aGreat Britain.$bDepartment for Children, Schools and Families,$eissuing body.
=710  2\$aInstitute for Employment Studies.
=830  \0$aResearch report (Great Britain. Department for Children, Schools and Families) ;$vDCSF-RR097.
=852  41$aBritish Library$bHMNTS$jDigital store
=CAT  \\$a10902$b40$c20151007$lBLL01$h1212
=CAT  \\$a7332$b40$c20160418$lBLL01$h1107
=CAT  \\$aBATCH-UPD$b40$c20160617$lBLL01$h1052
=CAT  \\$aW1711-1225$c20171203$lBLL01$h1056
=FIN  \\$aY$d20160418
=STA  \\$aSUPPRESSED$bunable to determine reason for suppression
=LAS  \\$aW1711-1225$b00$c20171203$lBLL01$h1056

