=LDR  01748 am a2200469 i 4500
=001  017572430
=003  Uk
=005  20160420105149.0
=006  m\\\\||\\d\|\\\\\\
=007  cr\|||||||||||
=008  151007s2008\\\\enka\\\\o\\\\\000\0\eng\\
=FMT  \\$a  BK
=015  \\$aGBB654420$2bnb
=020  \\$z9781847751881
=040  \\$aUk$beng$cUk$erda
=042  \\$aukblsr
=082  04$a362.70830942$223
=100  1\$aHall, Louise,$eauthor.
=245  10$aConnexions Direct :$bUser Satisfaction Survey 2008 /$cLouise Hall, Susie Wreford and Camilla Huckle. TNS Social Research.
=264  \1$a[London] :$bDepartment for Children, Schools and Families,$c[2008]
=264  \4$c©2008
=300  \\$a1 online resource (109 pages) :$billustrations (colour).
=336  \\$atext$2rdacontent
=337  \\$acomputer$2rdamedia
=338  \\$aonline resource$2rdacarrier
=490  1\$aResearch report ;$vDCSF-RW042
=610  20$aConnexions (Service)$xEvaluation.
=650  \0$aYouth$xServices for$zEngland$xEvaluation.
=690  7\$aSocial Welfare$2blcoll
=700  1\$aWreford, Susie,$eauthor.
=700  1\$aHuckle, Camilla,$eauthor.
=710  1\$aGreat Britain.$bDepartment for Children, Schools and Families,$eissuing body.
=710  2\$aTNS Social (Firm)
=830  \0$aResearch report (Great Britain. Department for Education and Skills) ;$vDCSF-RW042.
=852  41$aBritish Library$bHMNTS$jDigital store
=CAT  \\$a10902$b40$c20151007$lBLL01$h1218
=CAT  \\$a7332$b40$c20160419$lBLL01$h0753
=CAT  \\$a7332$b40$c20160420$lBLL01$h1051
=CAT  \\$aW1711-1225$c20171203$lBLL01$h1056
=FIN  \\$aY$d20160419
=STA  \\$aSUPPRESSED$bunable to determine reason for suppression
=LAS  \\$aW1711-1225$b00$c20171203$lBLL01$h1056

