=LDR  01537 am a2200421 i 4500
=001  017572434
=003  Uk
=005  20160419115054.0
=006  m\\\\||\\d\|\\\\\\
=007  cr\|||||||||||
=008  151007s2011\\\\enk\\\\\o\\\\\000\0\eng\\
=FMT  \\$a  BK
=015  \\$aGBB654457$2bnb
=020  \\$z9781847758545
=040  \\$aUk$beng$cUk$erda
=042  \\$aukblsr
=082  04$a305.20941$223
=100  1\$aCrowther, Kathryn,$eauthor.
=245  10$aEvaluation of the generations together programme - learning so far /$cKathryn Crowther and Kerry Merrill.
=264  \1$a[London] :$bDepartment for Education,$cJanuary 2011.
=300  \\$a1 online resource (xi, 86 pages, 109 unnumbered pages).
=336  \\$atext$2rdacontent
=337  \\$acomputer$2rdamedia
=338  \\$aonline resource$2rdacarrier
=490  1\$aResearch report ;$vDFE-RR082
=530  \\$aAlso issued in print format.
=650  \0$aIntergenerational relations$zGreat Britain.
=690  7\$aSocial Welfare$2blcoll
=700  1\$aMerrill, Kerry,$eauthor.
=710  1\$aGreat Britain.$bDepartment for Education,$eissuing body.
=830  \0$aResearch report (Great Britain. Department for Education) ;$vDFE-RR082.
=852  41$aBritish Library$bHMNTS$jDigital store
=CAT  \\$a10902$b40$c20151007$lBLL01$h1222
=CAT  \\$a7332$b40$c20160419$lBLL01$h1150
=CAT  \\$aW1711-1225$c20171203$lBLL01$h1056
=FIN  \\$aY$d20160419
=STA  \\$aSUPPRESSED$bunable to determine reason for suppression
=LAS  \\$aW1711-1225$b00$c20171203$lBLL01$h1056

