=LDR  01590 am a2200445 i 4500
=001  017572436
=003  Uk
=005  20160120084844.0
=006  m\\\\||\\d\|\\\\\\
=007  cr\|||||||||||
=008  151007s2008\\\\enka\\\\o\\\\\000\0\eng\\
=FMT  \\$a  BK
=015  \\$aGBB611601$2bnb
=020  \\$z9781847751874
=040  \\$aUk$beng$cUk$erda
=042  \\$aukblsr
=082  04$a370.850942$223
=100  1\$aIvins, Claire,$eauthor.
=245  10$aSurvey of Parents in England 2008 /$cClaire Ivins, GfK Social Research.
=264  \1$a[London] :$b[Department for Children, Schools and Families],$c[2008]
=264  \4$c©2008
=300  \\$a1 online resource (10 pages) :$billustrations (colour).
=336  \\$atext$2rdacontent
=337  \\$acomputer$2rdamedia
=338  \\$aonline resource$2rdacarrier
=490  0\$aResearch report ;$vDCSF-RW041
=650  \0$aEducation$zEngland$xPublic opinion.
=650  \0$aParents$zEngland$xAttitudes.
=650  \0$aSocial surveys$zEngland.
=690  7\$aSocial Welfare$2blcoll
=710  1\$aGreat Britain.$bDepartment for Education and Skills,$eissuing body.
=830  \0$aResearch report (Great Britain. Department for Education) ;$vDCSF-RW041.
=852  41$aBritish Library$bHMNTS$jDigital store
=CAT  \\$a10902$b40$c20151007$lBLL01$h1228
=CAT  \\$a7332$b40$c20160120$lBLL01$h0831
=CAT  \\$a7332$b40$c20160120$lBLL01$h0848
=CAT  \\$aW1711-1225$c20171203$lBLL01$h1056
=FIN  \\$aY$d20160120
=STA  \\$aSUPPRESSED$bunable to determine reason for suppression
=LAS  \\$aW1711-1225$b00$c20171203$lBLL01$h1056

