=LDR  01439 am a2200397 i 4500
=001  017575049
=003  Uk
=005  20160419103653.0
=006  m\\\\||\\d\|\\\\\\
=007  cr\|||||||||||
=008  151012s2006\\\\enka\\\\o\\\\\000\0\eng\\
=FMT  \\$a  BK
=015  \\$aGBB654438$2bnb
=040  \\$aUk$beng$cUk$erda
=042  \\$aukblsr
=082  04$a370.850942$223
=110  2\$aEdComs (Agency : London, England),$eauthor.
=245  10$aDfES Parents and Public survey :$b2005/06 findings (4 survey waves) ; prepared for COI and DfES /$cprepared by EdComs.
=264  \1$aLondon :$bEdComs,$cJuly 2006.
=300  \\$a1 online resource (65 pages) :$billustrations (colour)
=336  \\$atext$2rdacontent
=337  \\$acomputer$2rdamedia
=338  \\$aonline resource$2rdacarrier
=650  \0$aParents$zEngland$xAttitudes.
=650  \0$aEducation$xEngland$xPublic opinion.
=650  \0$aSocial surveys$zEngland.
=690  7\$aSocial Welfare$2blcoll
=710  1\$aGreat Britain.$bDepartment for Children, Schools and Families.
=710  1\$aGreat Britain.$bCentral Office of Information.
=852  41$aBritish Library$bHMNTS$jDigital store
=CAT  \\$a10902$b40$c20151012$lBLL01$h0817
=CAT  \\$a7332$b40$c20160419$lBLL01$h1036
=CAT  \\$aW1711-1225$c20171203$lBLL01$h1056
=FIN  \\$aY$d20160419
=STA  \\$aSUPPRESSED$bunable to determine reason for suppression
=LAS  \\$aW1711-1225$b00$c20171203$lBLL01$h1056

