=LDR  01831 am a2200469 i 4500
=001  017575053
=003  Uk
=005  20160104133542.0
=006  m\\\\||\\d\|\\\\\\
=007  cr\|||||||||||
=008  151012s2009\\\\enk\\\\\o\\\\\000\0\eng\\
=FMT  \\$a  BK
=015  \\$aGBB600069$2bnb
=020  \\$z9781847754202
=040  \\$aUk$beng$cUk$erda
=042  \\$aukblsr
=082  04$a362.40480941$223
=100  1\$aBalarajan, Meera,$eauthor.
=245  10$aServices for Disabled Children :$bQuestionnaire Testing /$cMeera Balarajan, Alice McGee and Margaret Blake. National Centre for Social Research.
=264  \1$a[London] :$bDepartment for Children, Schools and Families,$c2009.
=300  \\$a1 online resource (120 pages).
=336  \\$atext$2rdacontent
=337  \\$acomputer$2rdamedia
=338  \\$aonline resource$2rdacarrier
=490  1\$aResearch report ;$vNumber DCSF-RR099
=500  \\$a"April 2009".
=530  \\$aAlso issued in print format.
=650  \0$aChildren with disabilities$xServices for$zGreat Britain.
=650  \0$aQuestionnaires$zGreat Britain.
=690  7\$aSocial Welfare$2blcoll
=700  1\$aBlake, Margaret,$d1973-$eauthor.
=700  1\$aMcGee, Alice,$d1979-$eauthor.
=710  1\$aGreat Britain.$bDepartment for Children, Schools and Families,$epublisher.
=710  2\$aNational Centre for Social Research (Great Britain)
=830  \0$aResearch report (Great Britain. Department for Children, Schools and Families) ;$vNumber DCSF-RR099.
=852  41$aBritish Library$bHMNTS$jDigital store
=CAT  \\$a10902$b40$c20151012$lBLL01$h0834
=CAT  \\$a7332$b40$c20160104$lBLL01$h1335
=CAT  \\$aW1711-1225$c20171203$lBLL01$h1056
=FIN  \\$aY$d20160104
=STA  \\$aSUPPRESSED$bunable to determine reason for suppression
=LAS  \\$aW1711-1225$b00$c20171203$lBLL01$h1056

