=LDR  01781 am a2200445 i 4500
=001  017575056
=003  Uk
=005  20160120112240.0
=006  m\\\\||\\d\|\\\\\\
=007  cr\|||||||||||
=008  151012s2009\\\\enk\\\\\o\\\\\000\0\eng\\
=FMT  \\$a  BK
=015  \\$aGBB611646$2bnb
=020  \\$z9781847754219
=040  \\$aUk$beng$cUk$erda
=042  \\$aukblsr
=082  04$a362.40480941$223
=100  1\$aBalarajan, Meera,$eauthor.
=245  10$aServices for Disabled Children :$bPilot Testing of the Screening and Main Questionnaire /$cMeera Balarajan, Hayley Cripps and Margaret Blake. National Centre for Social Research.
=264  \1$a[London] :$bDepartment for Children, Schools and Families,$cApril 2009.
=300  \\$a1 online resource (viii, 100 pages).
=336  \\$atext$2rdacontent
=337  \\$acomputer$2rdamedia
=338  \\$aonline resource$2rdacarrier
=490  1\$aResearch report ;$vDSCF-RR100
=530  \\$aAlso issued in print format.
=650  \0$aChildren with disabilities$xServices for$zGreat Britain.
=690  7\$aSocial Welfare$2blcoll
=700  1\$aBlake, Margaret,$d1973-$eauthor.
=700  1\$aCripps, Hayley,$eauthor.
=710  1\$aGreat Britain.$bDepartment for Children, Schools and Families,$epublisher.
=710  2\$aNational Centre for Social Research (Great Britain)
=830  \0$aResearch report (Great Britain. Department for Children, Schools and Families) ;$vDSCF-RR100.
=852  41$aBritish Library$bHMNTS$jDigital store
=CAT  \\$a10902$b40$c20151012$lBLL01$h0842
=CAT  \\$a7332$b40$c20160120$lBLL01$h1122
=CAT  \\$aW1711-1225$c20171203$lBLL01$h1056
=FIN  \\$aY$d20160120
=STA  \\$aSUPPRESSED$bunable to determine reason for suppression
=LAS  \\$aW1711-1225$b00$c20171203$lBLL01$h1056

