=LDR  01996 am a2200505 i 4500
=001  017575057
=003  Uk
=005  20160630110549.0
=006  m\\\\||\\d\|\\\\\\
=007  cr\|||||||||||
=008  151012s2009\\\\enka\\\\o\\\\\000\0\eng\\
=FMT  \\$a  BK
=015  \\$aGBB600061$2bnb
=020  \\$z9781847754226
=040  \\$aUk$beng$cUk$erda
=042  \\$aukblsr
=082  04$a373.1826940942$223
=100  1\$aWilson, Sarah$c(Writer on education),$eauthor.
=245  14$aThe Double Club Evaluation :$bInterim Report /$cSarah Wilson, Caroline Sharp and Caroline Bergeron. National Foundation for Educational Research.
=264  \1$a[London] :$bDepartment for Children, Schools and Families,$c2009.
=300  \\$a1 online resource (27 pages) :$b1 illustration (colour).
=336  \\$atext$2rdacontent
=337  \\$acomputer$2rdamedia
=338  \\$aonline resource$2rdacarrier
=490  1\$aResearch report ;$vRR101
=500  \\$a"April 2009".
=530  \\$aAlso issued in print format.
=650  \0$aAfter-school programs$zEngland$xEvaluation.
=650  \0$aEducational evaluation$zEngland.
=650  \0$aUnderachievers$xEducation (Secondary)$zEngland.
=690  7\$aSocial Welfare$2blcoll
=700  1\$aSharp, Caroline,$d1957-$eauthor.
=700  1\$aBergeron, Caroline,$eauthor.
=710  1\$aGreat Britain.$bDepartment for Children, Schools and Families,$epublisher.
=710  2\$aNational Foundation for Educational Research in England and Wales.
=830  \0$aResearch report (Great Britain. Department for Children, Schools and Families) ;$vDCSF-RR101.
=852  41$aBritish Library$bHMNTS$jDigital store
=985  \\$a100
=CAT  \\$a10902$b40$c20151012$lBLL01$h0848
=CAT  \\$a7332$b40$c20160104$lBLL01$h1306
=CAT  \\$a7332$b40$c20160630$lBLL01$h1105
=CAT  \\$aW1711-1225$c20171203$lBLL01$h1056
=FIN  \\$aY$d20160104
=STA  \\$aSUPPRESSED$bunable to determine reason for suppression
=LAS  \\$aW1711-1225$b00$c20171203$lBLL01$h1056

