=LDR  01555 am a2200421 i 4500
=001  017575063
=003  Uk
=005  20160104113505.0
=006  m\\\\||\\d\|\\\\\\
=007  cr\|||||||||||
=008  151012s2009\\\\enka\\\\o\\\\\000\0\eng\\
=FMT  \\$a  BK
=015  \\$aGBB600041$2bnb
=020  \\$z9781847754479
=040  \\$aUk$beng$cUk$erda
=042  \\$aukblsr
=082  04$a371.1920942$223
=110  2\$aOpinion Leader Research Ltd.,$eauthor.
=245  10$aTime to Talk :$bParents as Partners. Deliberative Event Research Report.
=264  \1$a[London] :$bDepartment for Children, Schools and Families,$c2009.
=300  \\$a1 online resource (77 pages) :$billustrations (colour).
=336  \\$atext$2rdacontent
=337  \\$acomputer$2rdamedia
=338  \\$aonline resource$2rdacarrier
=490  1\$aResearch report ;$vDCSF-RR100
=500  \\$a"June 2009".
=530  \\$aAlso issued in print format.
=650  \0$aEducation$xParent participation$zEngland.
=690  7\$aSocial Welfare$2blcoll
=710  1\$aGreat Britain.$bDepartment for Children, Schools and Families,$epublisher.
=830  \0$aResearch report (Great Britain. Department for Children, Schools and Families) ;$vDCSF-RR110.
=852  41$aBritish Library$bHMNTS$jDigital store
=CAT  \\$a10902$b40$c20151012$lBLL01$h0858
=CAT  \\$a7332$b40$c20160104$lBLL01$h1135
=CAT  \\$aW1711-1225$c20171203$lBLL01$h1056
=FIN  \\$aY$d20160104
=STA  \\$aSUPPRESSED$bunable to determine reason for suppression
=LAS  \\$aW1711-1225$b00$c20171203$lBLL01$h1056

