=LDR  01547 am a2200421 i 4500
=001  017575067
=003  Uk
=005  20160422140821.0
=006  m\\\\||\\d\|\\\\\\
=007  cr\|||||||||||
=008  151012s2009\\\\enka\\\\o\\\\\000\0\eng\\
=FMT  \\$a  BK
=015  \\$aGBB656311$2bnb
=020  \\$z9781847754486
=040  \\$aUk$beng$cUk$erda
=042  \\$aukblsr
=082  04$a371.192$223
=245  00$aParents as Partners :$b'Harder to Engage' Parents : Qualitative Research.
=264  \1$a[London] :$bDepartment for Children, Schools and Families,$c2009.
=300  \\$a1 online resource (49 pages) :$billustrations (colour).
=336  \\$atext$2rdacontent
=337  \\$acomputer$2rdamedia
=338  \\$aonline resource$2rdacarrier
=490  1\$aResearch report ;$vno. DCSF-RR111
=500  \\$a"June 2009."
=530  \\$aAlso issued in print format.
=650  \0$aEducation$xParent participation$zEngland.
=690  7\$aSocial Welfare$2blcoll
=710  1\$aGreat Britain.$bDepartment for Children, Schools and Families,$eissuing body.
=710  2\$aSherbert Research.
=830  \0$aResearch report (Great Britain. Department for Children, Schools and Families) ;$vno. DCSF-RR111.
=852  41$aBritish Library$bHMNTS$jDigital store
=CAT  \\$a10902$b40$c20151012$lBLL01$h0903
=CAT  \\$a7332$b40$c20160422$lBLL01$h1408
=CAT  \\$aW1711-1225$c20171203$lBLL01$h1056
=FIN  \\$aY$d20160422
=STA  \\$aSUPPRESSED$bunable to determine reason for suppression
=LAS  \\$aW1711-1225$b00$c20171203$lBLL01$h1056

