=LDR  01721 am a2200433 i 4500
=001  017575076
=003  Uk
=005  20160425083140.0
=006  m\\\\||\\d\|\\\\\\
=007  cr\|||||||||||
=008  151012s2011\\\\enk\\\\\o\\\\\000\0\eng\\
=FMT  \\$a  BK
=015  \\$aGBB656322$2bnb
=040  \\$aUk$beng$cUk$erda
=042  \\$aukblsr
=082  04$a364.360942$223
=100  1\$aRoss, Andy$c(Longitudinal studies researcher),$eauthor.
=245  10$aPrevention and Reduction :$bA review of strategies for intervening early to prevent or reduce youth crime and anti-social behaviour : Appendix /$cAndy Ross [and four others].
=264  \1$a[London] :$b[Department for Children, Schools and Families],$c[2011]
=300  \\$a1 online resource (13 unnumbered pages)
=336  \\$atext$2rdacontent
=337  \\$acomputer$2rdamedia
=338  \\$aonline resource$2rdacarrier
=650  \0$aJuvenile delinquency$zEngland$xPrevention.
=650  \0$aJuvenile delinquency$zUnited States$xPrevention.
=690  7\$aSocial Welfare$2blcoll
=710  1\$aGreat Britain.$bDepartment for Education.
=710  2\$aUniversity of London.$bInstitute of Education.
=710  2\$aInstitute for Fiscal Studies (Great Britain)
=710  2\$aNational Centre for Social Research (Great Britain)
=852  41$aBritish Library$bHMNTS$jDigital store
=CAT  \\$a10902$b40$c20151012$lBLL01$h0916
=CAT  \\$a7332$b40$c20160425$lBLL01$h0818
=CAT  \\$a7332$b40$c20160425$lBLL01$h0830
=CAT  \\$a7332$b40$c20160425$lBLL01$h0831
=CAT  \\$aW1711-1225$c20171203$lBLL01$h1056
=FIN  \\$aY$d20160425
=STA  \\$aSUPPRESSED$bunable to determine reason for suppression
=LAS  \\$aW1711-1225$b00$c20171203$lBLL01$h1056

