=LDR  02000 am a2200517 i 4500
=001  017575082
=003  Uk
=005  20160420103629.0
=006  m\\\\||\\d\|\\\\\\
=007  cr\|||||||||||
=008  151012s2009\\\\enka\\\\ob\\\\000\0\eng\\
=FMT  \\$a  BK
=015  \\$aGBB654437$2bnb
=020  \\$z9781847755155
=040  \\$aUk$beng$cUk$erda
=042  \\$aukblsr
=082  04$a371.1410942$223
=100  1\$aBlatchford, Peter,$eauthor.
=245  10$aDeployment and Impact of Support Staff in Schools :$bThe Impact of Support Staff in Schools (Results from Strand 2, Wave 2) /$cPeter Blatchford [and seven others].
=264  \1$a[London] :$bDepartment for Children, Schools and Families,$c2009.
=300  \\$a1 online resource (160 pages) :$billustrations (black and white).
=336  \\$atext$2rdacontent
=337  \\$acomputer$2rdamedia
=338  \\$aonline resource$2rdacarrier
=490  1\$aResearch report ;$vDCSF-RR148
=500  \\$a"August 2009".
=504  \\$aIncludes bibliographical references.
=530  \\$aAlso issued in print format.
=650  \0$aSchool employees$zEngland.
=650  \0$aSchool employees$zWales.
=650  \0$aTeachers$zEngland.
=650  \0$aTeachers$zWales.
=650  \0$aTeachers' assistants$zEngland.
=650  \0$aTeachers' assistants$zWales.
=690  7\$aSocial Welfare$2blcoll
=710  1\$aGreat Britain.$bDepartment for Children, Schools and Families,$eissuing body.
=710  2\$aUniversity of London.$bInstitute of Education.
=830  \0$aResearch report (Great Britain. Department for Children, Schools and Families) ;$vDCSF-RR148.
=852  41$aBritish Library$bHMNTS$jDigital store
=CAT  \\$a10902$b40$c20151012$lBLL01$h0922
=CAT  \\$a7332$b40$c20160419$lBLL01$h1016
=CAT  \\$a7332$b40$c20160420$lBLL01$h1036
=CAT  \\$aW1711-1225$c20171203$lBLL01$h1056
=FIN  \\$aY$d20160419
=STA  \\$aSUPPRESSED$bunable to determine reason for suppression
=LAS  \\$aW1711-1225$b00$c20171203$lBLL01$h1056

