=LDR  01598 am a2200421 i 4500
=001  017575096
=003  Uk
=005  20160420103056.0
=006  m\\\\||\\d\|\\\\\\
=007  cr\|||||||||||
=008  151012s2005\\\\enkab\\\ob\\\\000\0\eng\\
=FMT  \\$a  BK
=015  \\$aGBB654471$2bnb
=040  \\$aUk$beng$cUk$erda
=042  \\$aukblsr
=082  04$a306.8743$223
=100  1\$aWellings, Kaye,$eauthor.
=245  10$aTPSE Teenage Pregnancy Strategy Evaluation :$bFinal Report : Synthesis /$cKaye Wellings [and twenty four others].
=264  \1$aLondon :$bLondon School of Hygiene and Tropical Medicine,$c2005.
=300  \\$a1 online resource (88 pages) :$billustrations (colour); maps (colour)
=336  \\$atext$2rdacontent
=337  \\$acomputer$2rdamedia
=338  \\$aonline resource$2rdacarrier
=504  \\$aIncludes bibliographical references.
=650  \0$aTeenage pregnancy$xGovernment policy$zGreat Britain$xEvaluation.
=690  7\$aSocial Welfare$2blcoll
=710  2\$aLondon School of Hygiene and Tropical Medicine,$eissuing body.
=710  2\$aUniversity College, London.
=710  2\$aBritish Market Research Bureau International.
=852  41$aBritish Library$bHMNTS$jDigital store
=CAT  \\$a10902$b40$c20151012$lBLL01$h0939
=CAT  \\$a7332$b40$c20160419$lBLL01$h1423
=CAT  \\$a7332$b40$c20160420$lBLL01$h1027
=CAT  \\$a7332$b40$c20160420$lBLL01$h1030
=CAT  \\$aW1711-1225$c20171203$lBLL01$h1056
=FIN  \\$aY$d20160419
=STA  \\$aSUPPRESSED$bunable to determine reason for suppression
=LAS  \\$aW1711-1225$b00$c20171203$lBLL01$h1056

