=LDR  02029 am a2200529 i 4500
=001  017575104
=003  Uk
=005  20160125113344.0
=006  m\\\\||\\d\|\\\\\\
=007  cr\|||||||||||
=008  151012s2009\\\\enk\\\\\ob\\\\000\0\eng\\
=FMT  \\$a  BK
=015  \\$aGBB612031$2bnb
=020  \\$z9781847754509
=040  \\$aUk$beng$cUk$erda
=042  \\$aukblsr
=082  04$a306.874$223
=100  1\$aMooney, Ann,$d1950-$eauthor.
=245  10$aImpact of Family Breakdown on Children's Well-Being :$bEvidence Review /$cAnn Mooney, Chris Oliver and Marjorie Smith.
=264  \1$a[London] :$bDepartment for Children, Schools and Families,$c2009.
=300  \\$a1 online resource (30 pages).
=336  \\$atext$2rdacontent
=337  \\$acomputer$2rdamedia
=338  \\$aonline resource$2rdacarrier
=490  1\$aResearch report ;$vDCSF-RR113
=500  \\$aJune 2009.
=504  \\$aIncludes bibliographical references.
=530  \\$aAlso issued in print format.
=650  \0$aBroken homes$zGreat Britain.
=650  \0$aChild development$xPsychological aspects.
=650  \0$aChild welfare$zGreat Britain.
=650  \0$aChildren of divorced parents$zGreat Britain.
=650  \0$aChildren$xFamily relationships$zGreat Britain.
=650  \0$aFamilies$zGreat Britain.
=690  7\$aSocial Welfare$2blcoll
=700  1\$aOliver, Christine M.,$eauthor.
=700  1\$aSmith, Marjorie,$eauthor.
=710  1\$aGreat Britain.$bDepartment for Children, Schools and Families,$eissuing body.
=710  2\$aUniversity of London.$bInstitute of Education.
=830  \0$aResearch report (Great Britain. Department for Children, Schools and Families) ;$vno. DCSF-RR113.
=852  41$aBritish Library$bHMNTS$jDigital store
=CAT  \\$a10902$b40$c20151012$lBLL01$h0949
=CAT  \\$a7332$b40$c20160125$lBLL01$h1133
=CAT  \\$aW1711-1225$c20171203$lBLL01$h1056
=FIN  \\$aY$d20160125
=STA  \\$aSUPPRESSED$bunable to determine reason for suppression
=LAS  \\$aW1711-1225$b00$c20171203$lBLL01$h1056

