=LDR  01355 am a2200373 i 4500
=001  017575316
=003  Uk
=005  20160419112658.0
=006  m\\\\||\\d\|\\\\\\
=007  cr\|||||||||||
=008  151012s2011\\\\enk\\\\\o\\\\\000\0\eng\\
=FMT  \\$a  BK
=015  \\$aGBB654455$2bnb
=040  \\$aUk$beng$cUk$erda
=042  \\$aukblsr
=082  04$a362.74$223
=100  1\$aFlint, John,$eauthor.
=245  10$aEvaluation of Intensive Intervention Projects.$pAnnex B. Examples of positive outcomes /$cJohn Flint [and five others].
=264  \1$a[Great Britain] :$b[Department for Education],$c[2011?]
=300  \\$a1 online resource (5 unnumbered pages)
=336  \\$atext$2rdacontent
=337  \\$acomputer$2rdamedia
=338  \\$aonline resource$2rdacarrier
=650  \0$aProblem youth$xServices for$zGreat Britain$vCase studies.
=650  \0$aProblem youth$zGreat Britain$xSocial conditions$vCase studies.
=690  7\$aSocial Welfare$2blcoll
=710  1\$aGreat Britain.$bDepartment for Education.
=852  41$aBritish Library$bHMNTS$jDigital store
=CAT  \\$a10902$b40$c20151012$lBLL01$h1356
=CAT  \\$a7332$b40$c20160419$lBLL01$h1126
=CAT  \\$aW1711-1225$c20171203$lBLL01$h1056
=FIN  \\$aY$d20160419
=STA  \\$aSUPPRESSED$bunable to determine reason for suppression
=LAS  \\$aW1711-1225$b00$c20171203$lBLL01$h1056

