=LDR  01773 am a2200445 i 4500
=001  017575321
=003  Uk
=005  20160420081914.0
=006  m\\\\||\\d\|\\\\\\
=007  cr\|||||||||||
=008  151012s2009\\\\enkab\\\ob\\\\000\0\eng\\
=FMT  \\$a  BK
=015  \\$aGBB656036$2bnb
=020  \\$z9781847754516
=040  \\$aUk$beng$cUk$erda
=042  \\$aukblsr
=082  04$a362.8286$223
=100  1\$aBoddy, Janet,$d1969-$eauthor.
=245  10$aInternational Perspectives on Parenting Support :$bNon-English Language Sources /$cJanet Boddy [and ten others].
=264  \1$a[London] :$bDepartment for Children, Schools and Families,$c2009.
=300  \\$a1 online resource (ii, 128 pages) :$billustrations (colour), 1 map (colour).
=336  \\$atext$2rdacontent
=337  \\$acomputer$2rdamedia
=338  \\$aonline resource$2rdacarrier
=490  1\$aResearch report ;$vDCSF-RR114
=500  \\$a"June 2009."
=504  \\$aIncludes bibliographical references.
=530  \\$aAlso issued in print format.
=650  \0$aChild welfare$zEuropean Union countries$vCross-cultural studies.
=650  \0$aFamilies$xServices for$zEuropean Union countries$vCross-cultural studies.
=690  7\$aSocial Welfare$2blcoll
=710  1\$aGreat Britain.$bDepartment for Children, Schools and Families,$eissuing body.
=830  \0$aResearch report (Great Britain. Department for Children, Schools and Families) ;$vDCSF-RR114.
=852  41$aBritish Library$bHMNTS$jDigital store
=CAT  \\$a10902$b40$c20151012$lBLL01$h1402
=CAT  \\$a7332$b40$c20160420$lBLL01$h0819
=CAT  \\$aW1711-1225$c20171203$lBLL01$h1057
=FIN  \\$aY$d20160420
=STA  \\$aSUPPRESSED$bunable to determine reason for suppression
=LAS  \\$aW1711-1225$b00$c20171203$lBLL01$h1057

