=LDR  01745 am a2200481 i 4500
=001  017575333
=003  Uk
=005  20160125082920.0
=006  m\\\\||\\d\|\\\\\\
=007  cr\|||||||||||
=008  151012s2009\\\\enk\\\\\ob\\\\000\0\eng\\
=FMT  \\$a  BK
=015  \\$aGBB611992$2bnb
=020  \\$z9781847754554
=040  \\$aUk$beng$cUk$erda
=042  \\$aukblsr
=082  04$a362.710942$223
=110  2\$aCapacity (Organization),$eauthor.
=245  10$aOutreach to Children and Families :$bA Scoping Study /$cCapacity.
=264  \1$a[London] :$bDepartment for Children, Schools and Families,$c2009.
=300  \\$a1 online resource (136 pages).
=336  \\$atext$2rdacontent
=337  \\$acomputer$2rdamedia
=338  \\$aonline resource$2rdacarrier
=490  1\$aResearch report ;$vDCSF-RR116
=500  \\$aJune 2009.
=504  \\$aIncludes bibliographical references.
=530  \\$aAlso issued in print format.
=610  20$aSure Start (Programme)
=650  \0$aChildren$xServices for$zEngland.
=650  \0$aFamily services$zEngland.
=690  7\$aSocial Welfare$2blcoll
=710  1\$aGreat Britain.$bDepartment for Children, Schools and Families,$eissuing body.
=830  \0$aResearch report (Great Britain. Department for Children, Schools and Families) ;$vno. DCSF-RR116.
=852  41$aBritish Library$bHMNTS$jDigital store
=CAT  \\$a10902$b40$c20151012$lBLL01$h1418
=CAT  \\$a10902$b40$c20151012$lBLL01$h1419
=CAT  \\$a10902$b40$c20151012$lBLL01$h1421
=CAT  \\$a7332$b40$c20160125$lBLL01$h0829
=CAT  \\$aW1711-1225$c20171203$lBLL01$h1057
=FIN  \\$aY$d20160125
=STA  \\$aSUPPRESSED$bunable to determine reason for suppression
=LAS  \\$aW1711-1225$b00$c20171203$lBLL01$h1057

