=LDR  01742 am a2200457 i 4500
=001  017575342
=003  Uk
=005  20160422101924.0
=006  m\\\\||\\d\|\\\\\\
=007  cr\|||||||||||
=008  151012s2009\\\\enka\\\\ob\\\\000\0\eng\\
=FMT  \\$a  BK
=015  \\$aGBB656285$2bnb
=020  \\$z9781847754585
=040  \\$aUk$beng$cUk$erda
=042  \\$aukblsr
=082  04$a370.1130941$223
=100  1\$aPerry, Jane,$d1955-$eauthor.
=245  10$aLearning Agreement Pilots :$bQuantitative Evaluation /$cJane Perry [and three others].
=264  \1$a[London] :$bDepartment for Children, Schools and Families,$c[2009]
=264  \4$c©2009
=300  \\$a1 online resource (100 pages) :$billustrations (colour).
=336  \\$atext$2rdacontent
=337  \\$acomputer$2rdamedia
=338  \\$aonline resource$2rdacarrier
=490  1\$aResearch report ;$vDCSF-RR119
=530  \\$aAlso issued in print format.
=504  \\$aIncludes bibliographical references.
=650  \0$aLearning contracts$zEngland$xEvaluation.
=650  \0$aYouth$xStudy and teaching$zEngland$xEvaluation.
=690  7\$aSocial Welfare$2blcoll
=710  1\$aGreat Britain.$bDepartment for Children, Schools and Families,$eissuing body.
=710  2\$aNational Centre for Social Research (Great Britain)
=830  \0$aResearch report (Great Britain. Department for Children, Schools and Families) ;$vDCSF-RR119.
=852  41$aBritish Library$bHMNTS$jDigital store
=CAT  \\$a10902$b40$c20151012$lBLL01$h1426
=CAT  \\$a7332$b40$c20160422$lBLL01$h1019
=CAT  \\$aW1711-1225$c20171203$lBLL01$h1057
=FIN  \\$aY$d20160422
=STA  \\$aSUPPRESSED$bunable to determine reason for suppression
=LAS  \\$aW1711-1225$b00$c20171203$lBLL01$h1057

