=LDR  01981 am a2200493 i 4500
=001  017575351
=003  Uk
=005  20160420105600.0
=006  m\\\\||\\d\|\\\\\\
=007  cr\|||||||||||
=008  151012s2009\\\\enk\\\\\o\\\\\000\0\eng\\
=FMT  \\$a  BK
=015  \\$aGBB654090$2bnb
=020  \\$z9781847754608
=040  \\$aUk$beng$cUk$erda
=042  \\$aukblsr
=082  04$a331.341370942$223
=100  1\$aPage, Rosie,$eauthor.
=245  10$aActivity and Learning Agreement Pilots.$nWorking paper 4,$pLearning Agreement Provision :$bProgramme Theory Evaluation /$cRosie Page, Claire Johnson and Miranda Munro. Institute for Employment Studies.
=264  \1$a[London] :$bDepartment for Children, Schools and Families,$c2009.
=300  \\$a1 online resource (62 pages).
=336  \\$atext$2rdacontent
=337  \\$acomputer$2rdamedia
=338  \\$aonline resource$2rdacarrier
=490  1\$aResearch report ;$vDCSF-RR121
=500  \\$a"June 2009."
=530  \\$aAlso issued in print format.
=650  \0$aLearning contracts$zEngland$xEvaluation.
=650  \0$aYouth$xStudy and teaching$xActivity programs$zEngland$xEvaluation.
=690  7\$aSocial Welfare$2blcoll
=710  1\$aGreat Britain.$bDepartment for Children, Schools and Families,$eissuing body.
=710  2\$aInstitute for Employment Studies.
=700  1\$aJohnson, Claire$c(Research fellow),$eauthor.
=700  1\$aMunro, Miranda,$eauthor.
=830  \0$aResearch report (Great Britain. Department for Children, Schools and Families) ;$vDCSF-RR121.
=852  41$aBritish Library$bHMNTS$jDigital store
=CAT  \\$a10902$b40$c20151012$lBLL01$h1439
=CAT  \\$a7332$b40$c20160418$lBLL01$h0957
=CAT  \\$a7332$b40$c20160420$lBLL01$h1056
=CAT  \\$aBATCH-UPD$b40$c20160617$lBLL01$h1052
=CAT  \\$aW1711-1225$c20171203$lBLL01$h1057
=FIN  \\$aY$d20160418
=STA  \\$aSUPPRESSED$bunable to determine reason for suppression
=LAS  \\$aW1711-1225$b00$c20171203$lBLL01$h1057

