=LDR  01899 am a2200481 i 4500
=001  017575357
=003  Uk
=005  20160418102918.0
=006  m\\\\||\\d\|\\\\\\
=007  cr\|||||||||||
=008  151012s2009\\\\enk\\\\\o\\\\\000\0\eng\\
=FMT  \\$a  BK
=015  \\$aGBB654091$2bnb
=020  \\$z9781847754615
=040  \\$aUk$beng$cUk$erda
=042  \\$aukblsr
=082  04$a331.341370942$223
=100  1\$aLevesely, Tom,$eauthor.
=245  10$aActivity and Learning Agreement Pilots.$nWorking paper 6,$pLearning Agreement Small Step Progression :$bProgramme Theory Evaluation /$cTom Levesely, Harriet Fearn and Joy Oakley.
=264  \1$a[London] :$bDepartment for Children, Schools and Families,$c2009.
=300  \\$a1 online resource (38 pages).
=336  \\$atext$2rdacontent
=337  \\$acomputer$2rdamedia
=338  \\$aonline resource$2rdacarrier
=490  1\$aResearch report ;$vDCSF-RR122
=500  \\$a"June 2009."
=530  \\$aAlso issued in print format.
=650  \0$aLearning contracts$zEngland$xEvaluation.
=650  \0$aYouth$xStudy and teaching$xActivity programs$zEngland$xEvaluation.
=690  7\$aSocial Welfare$2blcoll
=700  1\$aFearn, Harriet,$eauthor.
=700  1\$aWilliams, Joy$c(Research fellow),$eauthor.
=710  1\$aGreat Britain.$bDepartment for Children, Schools and Families,$eissuing body.
=710  2\$aInstitute for Employment Studies.
=830  \0$aResearch report (Great Britain. Department for Children, Schools and Families) ;$vDCSF-RR122.
=852  41$aBritish Library$bHMNTS$jDigital store
=CAT  \\$a10902$b40$c20151012$lBLL01$h1449
=CAT  \\$a7332$b40$c20160418$lBLL01$h1029
=CAT  \\$aW1711-1225$c20171203$lBLL01$h1057
=CAT  \\$a5100$b40$c20190115$lBLL01$h1508
=FIN  \\$aY$d20160418
=STA  \\$aSUPPRESSED$bunable to determine reason for suppression
=LAS  \\$a5100$b40$c20190115$lBLL01$h1508

