=LDR  01527 am a2200433 i 4500
=001  017575359
=003  Uk
=005  20160120094715.0
=006  m\\\\||\\d\|\\\\\\
=007  cr\|||||||||||
=008  151012s2009\\\\enk\\\\\o\\\\\000\0\eng\\
=FMT  \\$a  BK
=015  \\$aGBB611615$2bnb
=020  \\$z9781847754622
=040  \\$aUk$beng$cUk$erda
=042  \\$aukblsr
=082  04$a362.710942$223
=245  00$aSure Start Children's Centres :$bFinancial Benchmarking to Ensure Value for Money.
=264  \1$a[London] :$b[Department for Children, Schools and Families],$c[2009]
=264  \4$c©2009
=300  \\$a1 online resource (44 pages).
=336  \\$atext$2rdacontent
=337  \\$acomputer$2rdamedia
=338  \\$aonline resource$2rdacarrier
=490  1\$aResearch report ;$vDCSF-RR-123
=500  \\$a"June 2009".
=610  20$aSure Start (Programme)$xEvaluation.
=650  \0$aChildren$xServices for$zGreat Britain$xEvaluation.
=690  7\$aSocial Welfare$2blcoll
=710  1\$aGreat Britain.$bDepartment for Education and Skills,$epublisher.
=710  2\$aHedra (Firm)
=830  \0$aResearch report (Great Britain. Department for Education) ;$vDCSF-RR-123.
=852  41$aBritish Library$bHMNTS$jDigital store
=CAT  \\$a10902$b40$c20151012$lBLL01$h1452
=CAT  \\$a7332$b40$c20160120$lBLL01$h0947
=CAT  \\$aW1711-1225$c20171203$lBLL01$h1057
=FIN  \\$aY$d20160120
=STA  \\$aSUPPRESSED$bunable to determine reason for suppression
=LAS  \\$aW1711-1225$b00$c20171203$lBLL01$h1057

