=LDR  01946 am a2200469 i 4500
=001  017580914
=003  Uk
=005  20160419111309.0
=006  m\\\\||\\d\|\\\\\\
=007  cr\|||||||||||
=008  151014s2009\\\\enka\\\\ob\\\\000\0\eng\\
=FMT  \\$a  BK
=015  \\$aGBB654450$2bnb
=020  \\$z9781847754639
=040  \\$aUk$beng$cUk$erda
=042  \\$aukblsr
=082  04$a362.77800942$223
=100  1\$aOwen, Charlie,$eauthor.
=245  10$aDisproportionality in Child Welfare :$bThe Prevalence of Black and Minority Ethnic Children within the 'Looked After' and 'Children in Need' Populations and on Child Protection Registers in England /$cCharlie Owen and June Statham.
=264  \1$a[London] :$bDepartment for Children, Schools and Families,$c2009.
=300  \\$a1 online resource (52 pages) :$billustrations (colour).
=336  \\$atext$2rdacontent
=337  \\$acomputer$2rdamedia
=338  \\$aonline resource$2rdacarrier
=490  1\$aResearch report ;$vDCSF-RR124
=500  \\$a"June 2009."
=504  \\$aIncludes bibliographical references.
=530  \\$aAlso issued in print format.
=650  \0$aAbused children$xProtection$zEngland$xStatistics.
=650  \0$aSocial work with children$zEngland$xStatistics.
=650  \0$aSocial work with minorities$zEngland$xStatistics.
=690  7\$aSocial Welfare$2blcoll
=700  1\$aStatham, June,$eauthor.
=710  1\$aGreat Britain.$bDepartment for Children, Schools and Families,$eissuing body.
=830  \0$aResearch report (Great Britain. Department for Children, Schools and Families) ;$vno. DCSF-RR124.
=852  41$aBritish Library$bHMNTS$jDigital store
=CAT  \\$a10902$b40$c20151014$lBLL01$h1105
=CAT  \\$a7332$b40$c20160419$lBLL01$h1113
=CAT  \\$aW1711-1225$c20171203$lBLL01$h1057
=FIN  \\$aY$d20160419
=STA  \\$aSUPPRESSED$bunable to determine reason for suppression
=LAS  \\$aW1711-1225$b00$c20171203$lBLL01$h1057

