=LDR  01842 am a2200469 i 4500
=001  017580920
=003  Uk
=005  20160425083728.0
=006  m\\\\||\\d\|\\\\\\
=007  cr\|||||||||||
=008  151014s2009\\\\enk\\\\\ob\\\\000\0\eng\\
=FMT  \\$a  BK
=015  \\$aGBB656323$2bnb
=020  \\$z9781847754646
=040  \\$aUk$beng$cUk$erda
=042  \\$aukblsr
=082  04$a362.1$223
=100  1\$aMooney, Ann,$d1950-$eauthor.
=245  10$aPromoting the Health of Looked After Children :$bA Study to Inform Revision of the 2002 Guidance /$cAnn Mooney [and three others].
=264  \1$a[Londond] :$bDepartment for Children, Schools and Families,$c2009.
=300  \\$a1 online resource (ii, 52 pages).
=336  \\$atext$2rdacontent
=337  \\$acomputer$2rdamedia
=338  \\$aonline resource$2rdacarrier
=490  1\$aResearch report ;$vDCSF-RR125
=504  \\$aIncludes bibliographical references.
=530  \\$aAlso issued in print format.
=650  \0$aChildren$xInstitutional care$xHealth and hygiene$zEngland.
=650  \0$aHealth promotion$zEngland.
=650  \0$aYouth$xInstitutional care$xHealth and hygiene$zEngland.
=690  7\$aSocial Welfare$2blcoll
=710  1\$aGreat Britain.$bDepartment for Children, Schools and Families,$eissuing body.
=710  2\$aUniversity of London.$bInstitute of Education.
=710  2\$aNational Children's Bureau.
=830  \0$aResearch report (Great Britain. Department for Children, Schools and Families) ;$vDCSF-RR125.
=852  41$aBritish Library$bHMNTS$jDigital store
=CAT  \\$a10902$b40$c20151014$lBLL01$h1109
=CAT  \\$a7332$b40$c20160425$lBLL01$h0837
=CAT  \\$aW1711-1225$c20171203$lBLL01$h1057
=FIN  \\$aY$d20160425
=STA  \\$aSUPPRESSED$bunable to determine reason for suppression
=LAS  \\$aW1711-1225$b00$c20171203$lBLL01$h1057

