=LDR  01590 am a2200433 i 4500
=001  017588616
=003  Uk
=005  20160120130709.0
=006  m\\\\||\\d\|\\\\\\
=007  cr\|||||||||||
=008  151022s2011\\\\enka\\\\o\\\\\000\0\eng\\
=FMT  \\$a  BK
=015  \\$aGBB611676$2bnb
=040  \\$aUk$beng$cUk$erda
=042  \\$aukblsr
=082  04$a362.7320941$223
=100  1\$aEdwards, Gary$c(Peer researcher),$eauthor.
=245  10$aRight2BCared4 peer research summary report 2011 /$cthis summary report was written by peer researcher Gary Edwards.
=246  14$aRIGHT 2B CARED 4
=264  \1$aLondon :$bDepartment for Education,$c[2011?]
=300  \\$a1 online resource (19 pages) :$billustrations (black and white)
=336  \\$atext$2rdacontent
=337  \\$acomputer$2rdamedia
=338  \\$aonline resource$2rdacarrier
=530  \\$aAlso issued in print format.
=690  7\$aSocial Welfare$2blcoll
=610  20$aRight2BCared4 (Project)
=650  \0$aChildren$xInstitutional care$zGreat Britain.
=650  \0$aFoster home care$zGreat Britain.
=650  \0$aTeenagers$xServices for$zGreat Britain.
=650  \0$aTeenagers$zGreat Britain$xAttitudes.
=710  1\$aGreat Britain.$bDepartment for Education,$eissuing body.
=852  41$aBritish Library$bHMNTS$jDigital store
=CAT  \\$a10902$b40$c20151022$lBLL01$h1153
=CAT  \\$a7332$b40$c20160120$lBLL01$h1307
=CAT  \\$aW1711-1225$c20171203$lBLL01$h1057
=FIN  \\$aY$d20160120
=STA  \\$aSUPPRESSED$bunable to determine reason for suppression
=LAS  \\$aW1711-1225$b00$c20171203$lBLL01$h1057

