=LDR  01695 am a2200445 i 4500
=001  017588665
=003  Uk
=005  20160125131900.0
=006  m\\\\||\\d\|\\\\\\
=007  cr\|||||||||||
=008  151022s2009\\\\enka\\\\ob\\\\000\0\eng\\
=FMT  \\$a  BK
=015  \\$aGBB612053$2bnb
=020  \\$z9781847754653
=040  \\$aUk$beng$cUk$erda
=042  \\$aukblsr
=082  04$a362.70942$223
=100  1\$aFrance, Alan,$eauthor.
=245  10$aEffectiveness of the New Local Safeguarding Children Boards in England :$bInterim Report /$cAlan France [and four others].
=264  \1$a[London] :$bDepartment for Children, Schools and Families,$c2009.
=300  \\$a1 online resource (77 pages) :$billustrations (black and white).
=336  \\$atext$2rdacontent
=337  \\$acomputer$2rdamedia
=338  \\$aonline resource$2rdacarrier
=490  1\$aResearch report ;$vDCSF-RR126
=500  \\$aJune 2009.
=504  \\$aIncludes bibliographical references.
=530  \\$aAlso issued in print format.
=650  \0$aChild welfare boards$zEngland.
=650  \0$aSocial work with children$zEngland.
=690  7\$aSocial Welfare$2blcoll
=710  1\$aGreat Britain.$bDepartment for Children, Schools and Families,$eissuing body.
=830  \0$aResearch report (Great Britain. Department for Children, Schools and Families) ;$vno. DCSF-RR126.
=852  41$aBritish Library$bHMNTS$jDigital store
=CAT  \\$a10902$b40$c20151022$lBLL01$h1322
=CAT  \\$a7332$b40$c20160125$lBLL01$h1319
=CAT  \\$aW1711-1225$c20171203$lBLL01$h1057
=FIN  \\$aY$d20160125
=STA  \\$aSUPPRESSED$bunable to determine reason for suppression
=LAS  \\$aW1711-1225$b00$c20171203$lBLL01$h1057

