=LDR  02372 am a2200589 i 4500
=001  017588667
=003  Uk
=005  20160630104242.0
=006  m\\\\||\\d\|\\\\\\
=007  cr\|||||||||||
=008  151022s2009\\\\enka\\\\ob\\\\000\0\eng\\
=FMT  \\$a  BK
=015  \\$aGBB600021$2bnb
=020  \\$z9781847754745
=040  \\$aUk$beng$cUk$erda
=042  \\$aukblsr
=082  04$a344.03276$223
=100  1\$aBrandon, Marian,$eauthor.
=245  10$aUnderstanding Serious Case Reviews and their Impact :$bA Biennial Analysis of Serious Case Reviews 2005-07 /$cMarian Brandon [and seven others].
=264  \1$a[London] :$bDepartment for Children, Schools and Families,$c2009.
=300  \\$a1 online resource (148 pages) :$billustrations (colour).
=336  \\$atext$2rdacontent
=337  \\$acomputer$2rdamedia
=338  \\$aonline resource$2rdacarrier
=490  1\$aResearch report ;$vDCSF-RR129
=500  \\$a"June 2009".
=500  \\$a"Ref : 00442-2009DOM-EN".
=504  \\$aIncludes bibliographical references.
=610  10$aGreat Britain.$tChildren Act 1989.
=610  10$aGreat Britain.$tChildren Act 2004.
=650  \0$aChild abuse$zGreat Britain$xPrevention.
=650  \0$aChild abuse$xInvestigation$zGreat Britain$xEvaluation.
=650  \0$aChild welfare$zGreat Britain.
=650  \0$aFamily social work$zGreat Britain.
=650  \0$aChildren$xGovernment policy$zGreat Britain.
=650  \0$aFamily violence$zGreat Britain.
=650  \0$aVictims of family violence$zGreat Britain.
=650  \0$aSocial service$zGreat Britain.
=650  \0$aMedical care$zGreat Britain.
=650  \0$aAbused children$xServices for$zGreat Britain.
=650  \0$aAbused children$xHealth risk assessment$zGreat Britain.
=690  7\$aSocial Welfare$2blcoll
=710  1\$aGreat Britain.$bDepartment for Children, Schools and Families,$epublisher.
=830  \0$aResearch report (Great Britain. Department for Children, Schools and Families) ;$vDCSF-RR129.
=852  41$aBritish Library$bHMNTS$jDigital store
=CAT  \\$a10902$b40$c20151022$lBLL01$h1327
=CAT  \\$a7332$b40$c20160104$lBLL01$h1022
=CAT  \\$a7332$b40$c20160630$lBLL01$h1042
=CAT  \\$aW1711-1225$c20171203$lBLL01$h1057
=FIN  \\$aY$d20160104
=STA  \\$aSUPPRESSED$bunable to determine reason for suppression
=LAS  \\$aW1711-1225$b00$c20171203$lBLL01$h1057

