=LDR  01352 am a2200373 i 4500
=001  017588676
=003  Uk
=005  20160120084905.0
=006  m\\\\||\\d\|\\\\\\
=007  cr\|||||||||||
=008  151022s2004\\\\enka\\\\o\\\\\000\0\eng\\
=FMT  \\$a  BK
=015  \\$aGBB611598$2bnb
=040  \\$aUk$beng$cUk$erda
=042  \\$aukblsr
=082  04$a796.071042$223
=245  04$aThe impact of School Sport Partnerships :$bthe results of the 2003/04 PE, school sport and club links survey.
=264  \1$a[London] :$bDepartment for Education and Skills,$cApril 2004.
=300  \\$a1 online resource (21 pages) :$billustrations (colour)
=336  \\$atext$2rdacontent
=337  \\$acomputer$2rdamedia
=338  \\$aonline resource$2rdacarrier
=650  \0$aSchool sports$zEngland.
=650  \0$aPhysical education and training$zEngland.
=690  7\$aSocial Welfare$2blcoll
=710  1\$aGreat Britain.$bDepartment for Education and Skills,$eissuing body.
=852  41$aBritish Library$bHMNTS$jDigital store
=CAT  \\$a10902$b40$c20151022$lBLL01$h1333
=CAT  \\$a7332$b40$c20160120$lBLL01$h0807
=CAT  \\$a7332$b40$c20160120$lBLL01$h0849
=CAT  \\$aW1711-1225$c20171203$lBLL01$h1057
=FIN  \\$aY$d20160120
=STA  \\$aSUPPRESSED$bunable to determine reason for suppression
=LAS  \\$aW1711-1225$b00$c20171203$lBLL01$h1057

