=LDR  01397 am a2200385 i 4500
=001  017588682
=003  Uk
=005  20160419082334.0
=006  m\\\\||\\d\|\\\\\\
=007  cr\|||||||||||
=008  151022s2006\\\\enka\\\\o\\\\\000\0\eng\\
=FMT  \\$a  BK
=015  \\$aGBB654423$2bnb
=040  \\$aUk$beng$cUk$erda
=042  \\$aukblsr
=082  04$a353.80942$223
=110  1\$aGreat Britain.$bDepartment for Education and Skills,$eauthor.
=245  10$aDepartment for Education & Skills Simplification Plan 2006/07.
=264  \1$a[Londpn] :$bDepartment for Education and Skills,$c[2006]
=264  \4$c©2006
=300  \\$a1 online resource (59 pages) :$b1 illustration (colour)
=336  \\$atext$2rdacontent
=337  \\$acomputer$2rdamedia
=338  \\$aonline resource$2rdacarrier
=610  10$aGreat Britain.$bDepartment for Education & Skills.
=650  \0$aAdministrative procedure$xEconomic aspects$zGreat Britain.
=690  7\$aSocial Welfare$2blcoll
=710  1\$aGreat Britain.$bDepartment for Education and Skills,$eissuing body.
=852  41$aBritish Library$bHMNTS$jDigital store
=CAT  \\$a10902$b40$c20151022$lBLL01$h1341
=CAT  \\$a7332$b40$c20160419$lBLL01$h0823
=CAT  \\$aW1711-1225$c20171203$lBLL01$h1057
=FIN  \\$aY$d20160419
=STA  \\$aSUPPRESSED$bunable to determine reason for suppression
=LAS  \\$aW1711-1225$b00$c20171203$lBLL01$h1057

