=LDR  01298 am a2200385 i 4500
=001  017588692
=003  Uk
=005  20160419083047.0
=006  m\\\\||\\d\|\\\\\\
=007  cr\|||||||||||
=008  151022s2006\\\\enk\\\\\o\\\\\000\0\eng\\
=FMT  \\$a  BK
=015  \\$aGBB654425$2bnb
=040  \\$aUk$beng$cUk$erda
=042  \\$aukblsr
=082  04$a353.80942$223
=245  00$aDEPARTMENT FOR EDUCATION AND SKILLS - EFFICIENCY TECHNICAL NOTE.
=264  \1$a[London] :$bDepartment for Education and Skills,$cApril 2006.
=300  \\$a1 online resource (67 pages)
=336  \\$atext$2rdacontent
=337  \\$acomputer$2rdamedia
=338  \\$aonline resource$2rdacarrier
=610  10$aGreat Britain.$bDepartment for Education and Skills.
=650  \0$aAdministrative agencies$xManagement.
=650  \0$aGovernment productivity.
=650  \0$aOrganizational effectiveness.
=650  \0$aPublic administration.
=690  7\$aSocial Welfare$2blcoll
=852  41$aBritish Library$bHMNTS$jDigital store
=CAT  \\$a10902$b40$c20151022$lBLL01$h1356
=CAT  \\$a7332$b40$c20160419$lBLL01$h0830
=CAT  \\$aW1711-1225$c20171203$lBLL01$h1057
=FIN  \\$aY$d20160419
=STA  \\$aSUPPRESSED$bunable to determine reason for suppression
=LAS  \\$aW1711-1225$b00$c20171203$lBLL01$h1057

