=LDR  01659 am a2200421 i 4500
=001  017588700
=003  Uk
=005  20160425094700.0
=006  m\\\\||\\d\|\\\\\\
=007  cr\|||||||||||
=008  151022s2011\\\\enk\\\\\o\\\\\000\0\eng\\
=FMT  \\$a  BK
=015  \\$aGBB656326$2bnb
=040  \\$aUk$beng$cUk$erda
=042  \\$aukblsr
=082  04$a362.4083$223
=245  00$aFamilies' experiences and behaviours in the Childcare Affordability Pilots (CAP09) :$bDiscussion Guide - FINAL (01/10/10) : Disabled Children's Pilot - Not Interested and Interested groups - EXTENDED.
=264  \1$a[London] :$b[Department for Education],$c[2011]
=300  \\$a1 online resource (120, that is, 59 pages).
=336  \\$atext$2rdacontent
=337  \\$acomputer$2rdamedia
=338  \\$aonline resource$2rdacarrier
=490  0\$aDiscussion Guide
=650  \0$aChildren with disabilities$xCare$zEngland$xCosts$vCase studies.
=650  \0$aChildren with disabilities$xServices for$zEngland.
=650  \0$aParents of children with disabilities$xEmployment$zEngland.
=650  \0$aWork and family$zEngland.
=690  7\$aSocial Welfare$2blcoll
=710  1\$aGreat Britain.$bDepartment for Education.
=710  1\$aGreat Britain.$bHM Revenue & Customs.
=710  2\$aIpsos MORI (Firm).$bSocial Research Institute.
=852  41$aBritish Library$bHMNTS$jDigital store
=CAT  \\$a10902$b40$c20151022$lBLL01$h1404
=CAT  \\$a7332$b40$c20160425$lBLL01$h0947
=CAT  \\$aW1711-1225$c20171203$lBLL01$h1057
=FIN  \\$aY$d20160425
=STA  \\$aSUPPRESSED$bunable to determine reason for suppression
=LAS  \\$aW1711-1225$b00$c20171203$lBLL01$h1057

