=LDR  01794 am a2200457 i 4500
=001  017588711
=003  Uk
=005  20160125080123.0
=006  m\\\\||\\d\|\\\\\\
=007  cr\|||||||||||
=008  151022s2009\\\\enka\\\\ob\\\\000\0\eng\\
=FMT  \\$a  BK
=015  \\$aGBB611988$2bnb
=020  \\$z9781847755117
=040  \\$aUk$beng$cUk$erda
=042  \\$aukblsr
=082  04$a371.93$223
=100  1\$aBerridge, David$c(Professor of Child & Family Welfare),$eauthor.
=245  10$aLooked After and Learning :$bEvaluation of the Virtual School Head Pilot /$cDavid Berridge [and three others].
=264  \1$a[London] :$bDepartment for Children, Schools and Families,$c2009.
=300  \\$a1 online resource (101 pages) :$billustrations (black and white).
=336  \\$atext$2rdacontent
=337  \\$acomputer$2rdamedia
=338  \\$aonline resource$2rdacarrier
=490  1\$aResearch report ;$vDCSF-RR144
=500  \\$a"August 2009".
=504  \\$aIncludes bibliographical references.
=530  \\$aAlso issued in print format.
=650  \0$aChildren$xInstitutional care$zGreat Britain.
=650  \0$aEducation$zGreat Britain.
=690  7\$aSocial Welfare$2blcoll
=710  1\$aGreat Britain.$bDepartment for Children, Schools and Families,$eissuing body.
=710  2\$aUniversity of Bristol.$bSchool for Policy Studies.
=830  \0$aResearch report (Great Britain. Department for Children, Schools and Families) ;$vDCSF-RR144.
=852  41$aBritish Library$bHMNTS$jDigital store
=CAT  \\$a10902$b40$c20151022$lBLL01$h1417
=CAT  \\$a7332$b40$c20160125$lBLL01$h0801
=CAT  \\$aW1711-1225$c20171203$lBLL01$h1057
=FIN  \\$aY$d20160125
=STA  \\$aSUPPRESSED$bunable to determine reason for suppression
=LAS  \\$aW1711-1225$b00$c20171203$lBLL01$h1057

