=LDR  01803 am a2200469 i 4500
=001  017632135
=003  Uk
=005  20170316144630.0
=006  m\\\\||\\d\|\\\\\\
=007  cr\|||||||||||
=008  151127s2009\\\\enka\\\\o\\\\\000\0\eng\\
=FMT  \\$a  BK
=015  \\$aGBB656293$2bnb
=020  \\$z9781847755131
=040  \\$aUk$beng$cUk$erda
=042  \\$aukblsr
=082  04$a362.40830941$223
=100  1\$aGrant, Catherine$c(Social researcher),$eauthor.
=245  10$aParental Experience of Services for Disabled Children :$bNational Survey /$cCatherine Grant and Becky Hamlyn.
=264  \1$a[London] :$bDepartment for Children, Schools and Families,$c2009.
=300  \\$a1 online resource (93 pages) :$billustrations (colour).
=336  \\$atext$2rdacontent
=337  \\$acomputer$2rdamedia
=338  \\$aonline resource$2rdacarrier
=490  1\$aResearch report ;$vDCSF-RR146
=500  \\$a"August 2009".
=530  \\$aAlso issued in print format.
=650  \0$aChildren with disabilities$xServices for$zGreat Britain.
=650  \0$aParent and child$zGreat Britain.
=690  7\$aSocial Welfare$2blcoll
=700  1\$aHamlyn, Becky,$eauthor.
=710  1\$aGreat Britain.$bDepartment for Children, Schools and Families,$eissuing body.
=710  2\$aBMRB Social Research (Firm)
=830  \0$aResearch report (Great Britain. Department for Children, Schools and Families) ;$vDCSF-RR146.
=852  41$aBritish Library$bHMNTS$jDigital store
=CAT  \\$a10902$b40$c20151127$lBLL01$h1158
=CAT  \\$a7332$b40$c20160422$lBLL01$h1127
=CAT  \\$a5100$b40$c20170316$lBLL01$h1446
=CAT  \\$aW1711-1225$c20171203$lBLL01$h1057
=FIN  \\$aY$d20160422
=STA  \\$aSUPPRESSED$bunable to determine reason for suppression
=LAS  \\$aW1711-1225$b00$c20171203$lBLL01$h1057

