=LDR  01401 am a2200397 i 4500
=001  017632151
=003  Uk
=005  20160419131214.0
=006  m\\\\||\\d\|\\\\\\
=007  cr\|||||||||||
=008  151127s2008\\\\enka\\\\o\\\\\000\0\eng\\
=FMT  \\$a  BK
=015  \\$aGBB654467$2bnb
=040  \\$aUk$beng$cUk$erda
=042  \\$aukblsr
=082  04$a379.15809421$223
=245  00$aFamilies of Schools :$bLONDON PRIMARY SCHOOLS.
=264  \1$a[London] :$bDepartment for Children, Schools and Families,$c2008.
=300  \\$a1 online resource (19 pages) :$billustrations (colour)
=336  \\$atext$2rdacontent
=337  \\$acomputer$2rdamedia
=338  \\$aonline resource$2rdacarrier
=500  \\$a"June 2008."
=690  7\$aSocial Welfare$2blcoll
=650  \0$aElementary schools$zEngland$zLondon$vStatistics.
=650  \0$aElementary schools$zEngland$zLondon$xEvaluation.
=710  1\$aGreat Britain.$bDepartment for Children, Schools and Families,$eissuing body.
=710  2\$aLondon Challenge.
=852  41$aBritish Library$bHMNTS$jDigital store
=CAT  \\$a10902$b40$c20151127$lBLL01$h1205
=CAT  \\$a10902$b40$c20151127$lBLL01$h1206
=CAT  \\$a7332$b40$c20160419$lBLL01$h1312
=CAT  \\$aW1711-1225$c20171203$lBLL01$h1057
=FIN  \\$aY$d20160419
=STA  \\$aSUPPRESSED$bunable to determine reason for suppression
=LAS  \\$aW1711-1225$b00$c20171203$lBLL01$h1057

