=LDR  01358 am a2200385 i 4500
=001  017632155
=003  Uk
=005  20160125134114.0
=006  m\\\\||\\d\|\\\\\\
=007  cr\|||||||||||
=008  151127s2010\\\\enka\\\\o\\\\\000\0\eng\\
=FMT  \\$a  BK
=015  \\$aGBB612057$2bnb
=020  \\$z9781847756497
=040  \\$aUk$beng$cUk$erda
=042  \\$aukblsr
=082  04$a379.15809421$223
=245  00$aFamilies of Schools 2010.$pLondon Primary Schools.
=264  \1$a[London] :$bDepartment for Children, Schools and Families,$c2010.
=300  \\$a1 online resource (258 pages) :$billustrations (colour)
=336  \\$atext$2rdacontent
=337  \\$acomputer$2rdamedia
=338  \\$aonline resource$2rdacarrier
=650  \0$aElementary schools$zEngland$zLondon$vStatistics.
=650  \0$aElementary schools$zEngland$zLondon$xEvaluation.
=690  7\$aSocial Welfare$2blcoll
=710  1\$aGreat Britain.$bDepartment for Children, Schools and Families,$eissuing body.
=710  2\$aLondon Challenge.
=852  41$aBritish Library$bHMNTS$jDigital store
=CAT  \\$a10902$b40$c20151127$lBLL01$h1208
=CAT  \\$a7332$b40$c20160125$lBLL01$h1341
=CAT  \\$aW1711-1225$c20171203$lBLL01$h1057
=FIN  \\$aY$d20160125
=STA  \\$aSUPPRESSED$bunable to determine reason for suppression
=LAS  \\$aW1711-1225$b00$c20171203$lBLL01$h1057

