=LDR  01426 am a2200421 i 4500
=001  017633882
=003  Uk
=005  20160129075650.0
=006  m\\\\||\\d\|\\\\\\
=007  cr\|||||||||||
=008  151201s2010\\\\enka\\\\o\\\\\000\0\eng\\
=FMT  \\$a  BK
=015  \\$aGBB614265$2bnb
=040  \\$aUk$beng$cUk$erda
=042  \\$aukblsr
=082  04$a305.2350942$223
=245  00$aMyplace evaluation :$binterim report.
=264  \1$a[London] :$b[Department for Education],$c[2010?]
=300  \\$a1 online resource (66 pages) :$billustrations (colour)
=336  \\$atext$2rdacontent
=337  \\$acomputer$2rdamedia
=338  \\$aonline resource$2rdacarrier
=500  \\$a"September 2011."
=610  20$amyplace (Programme)$xEvaluation.
=650  \0$aYouth$xGovernment policy$zEngland.
=650  \0$aYouth$xServices for$zEngland.
=690  7\$aSocial Welfare$2blcoll
=710  1\$aGreat Britain.$bDepartment for Education.
=710  2\$aUniversity of Durham.
=710  2\$aYMCA George Williams College (London, England)
=852  41$aBritish Library$bHMNTS$jDigital store
=CAT  \\$a10902$b40$c20151201$lBLL01$h1332
=CAT  \\$a10902$b40$c20151201$lBLL01$h1333
=CAT  \\$a7332$b40$c20160129$lBLL01$h0756
=CAT  \\$aW1711-1225$c20171203$lBLL01$h1057
=FIN  \\$aY$d20160129
=STA  \\$aSUPPRESSED$bunable to determine reason for suppression
=LAS  \\$aW1711-1225$b00$c20171203$lBLL01$h1057

