=LDR  01228 am a2200373 i 4500
=001  017713994
=003  Uk
=005  20160129105622.0
=006  m\\\\||\\d\|\\\\\\
=007  cr\|||||||||||
=008  160121s2012\\\\enka\\\\o\\\\\000\0\eng\\
=FMT  \\$a  BK
=015  \\$aGBB614282$2bnb
=020  \\$z9781476467092
=040  \\$aUk$beng$cUk$erda
=042  \\$aukblsr
=082  04$a741.6$223
=100  1\$aGulliver, Russell,$eauthor.
=245  10$aGraffiti Girl /$cDesigns created by Russell Gulliver.
=264  \1$a[Scunthorpe] :$bGraffiti Girl Inc.,$c[2012]
=264  \4$c©2012
=300  \\$a1 online resource (26 pages, 7 unnumbered pages) :$billustrations (black and white)
=336  \\$atext$2rdacontent
=337  \\$acomputer$2rdamedia
=338  \\$aonline resource$2rdacarrier
=650  \0$aSporting goods$vPictorial works.
=852  41$aBritish Library$bHMNTS$jDigital store
=CAT  \\$a10902$b40$c20160121$lBLL01$h1054
=CAT  \\$a10902$b40$c20160121$lBLL01$h1057
=CAT  \\$a7332$b40$c20160129$lBLL01$h1056
=CAT  \\$aW1711-1225$c20171203$lBLL01$h1057
=FIN  \\$aY$d20160129
=STA  \\$aSUPPRESSED$bunable to determine reason for suppression
=LAS  \\$aW1711-1225$b00$c20171203$lBLL01$h1057

