=LDR  01895 am a2200469 i 4500
=001  017909202
=003  Uk
=005  20170627100631.0
=006  m\\\\||\\d\|\\\\\\
=007  cr\|||||||||||
=008  160704s2008\\\\ie\ab\\\ob\\\\000\0\eng\\
=FMT  \\$a  BK
=015  \\$aGBB7A6663$2bnb
=020  \\$z9781840952964
=040  \\$aUk$beng$cUk$erda
=042  \\$aukblsr
=082  04$a363.73927209417$223
=100  1\$aJakobs, Hermann,$cDr.,$eauthor.
=245  10$aAQUIRE - Air Quality Forecast and Statistics over Ireland /$cPrepared for the Environmental Protection Agency by Joint Rhenish Institute for Environmental Research at the University of Cologne : Author: Hermann Jakobs.
=264  \1$aWexford :$bEnvironmental Protection Agency,$c[2008]
=264  \4$c©2008
=300  \\$a1 online resource (v, 60 pages) :$billustrations (colour), maps (colour).
=336  \\$atext$2rdacontent
=337  \\$acomputer$2rdamedia
=338  \\$aonline resource$2rdacarrier
=490  0\$aEnvironmental Research Centre Report Series ;$vNo. 11
=500  \\$a"STRIVE : Environmental Protection Agency Programme, 2007-2013"--Cover.
=500  \\$a"National Development Plan, 2007-2013"--Cover.
=504  \\$aIncludes bibliographical references.
=530  \\$aAlso issued in print format.
=650  \0$aAir quality$zIreland$xForecasting$vStatistics.
=650  \0$aAir$xPollution$zIreland$xForecasting$vStatistics.
=710  1\$aIreland.$bEnvironmental Research Centre.
=710  2\$aRheinisches Institut für Umweltforschung an der Universität zu Köln.
=710  2\$aEPA STRIVE Programme.
=852  41$aBritish Library$bHMNTS$jDigital store
=CAT  \\$a10902$b40$c20160704$lBLL01$h1040
=CAT  \\$a7332$b40$c20170627$lBLL01$h0956
=CAT  \\$a7332$b40$c20170627$lBLL01$h1006
=FIN  \\$aY$d20170627
=STA  \\$aSUPPRESSED$bvdep
=LAS  \\$a7332$b40$c20170627$lBLL01$h1006

