=LDR  01850 am a2200469 i 4500
=001  017909210
=003  Uk
=005  20170626120008.0
=006  m\\\\||\\d\|\\\\\\
=007  cr\|||||||||||
=008  160704s2008\\\\ie\ab\\\ob\\\\0|0\0|eng\\
=FMT  \\$a  BK
=015  \\$aGBB7A3907$2bnb
=020  \\$z9781840950052
=040  \\$aUk$beng$cUk$erda
=042  \\$aukblsr
=082  04$a333.7315309417$223
=245  02$aA Framework for the Assessment of Groundwater-Dependent Terrestrial Ecosystems under the Water Framework Directive /$cprepared for the Environmental Protection Agency ; authors: Garrett Kilroy [and eight others].
=264  \1$aWexford :$bEnvironmental Protection Agency,$c[2008]
=264  \4$c©2008
=300  \\$a1 online resource (x, 50 pages) :$billustrations (black and white, and colour), maps (black and white, and colour).
=336  \\$atext$2rdacontent
=337  \\$acomputer$2rdamedia
=338  \\$aonline resource$2rdacarrier
=490  0\$aEnvironmental Research Centre report series ;$vNo. 12
=500  \\$a"STRIVE : Environmental Protection Agency Programme, 2007-2013"--Cover.
=500  \\$a"National Development Plan, 2007-2013"--Cover.
=504  \\$aIncludes bibliographical references.
=530  \\$aAlso issued in print format.
=650  \0$aGroundwater ecology$zIreland.
=650  \0$aWetland ecology$zIreland.
=650  \0$aEcosystem management$zIreland.
=700  1\$aKilroy, Garrett,$eauthor.
=710  1\$aIreland.$bEnvironmental Protection Agency.
=710  1\$aIreland.$bEnvironmental Research Centre.
=710  2\$aEPA STRIVE Programme.
=852  41$aBritish Library$bHMNTS$jDigital store
=CAT  \\$a10902$b40$c20160704$lBLL01$h1048
=CAT  \\$a7332$b40$c20170626$lBLL01$h1200
=FIN  \\$aY$d20170626
=STA  \\$aSUPPRESSED$bvdep
=LAS  \\$a7332$b40$c20170626$lBLL01$h1200

