=LDR  01518 am a2200433 i 4500
=001  017909222
=003  Uk
=005  20170627104649.0
=006  m\\\\||\\d\|\\\\\\
=007  cr\|||||||||||
=008  160704s2008\\\\ie\a\\\\ob\\\\0|0\0|eng\\
=FMT  \\$a  BK
=015  \\$aGBB7A6671$2bnb
=020  \\$z9781840952995
=040  \\$aUk$beng$cUk$erda
=042  \\$aukblsr
=082  04$a628.52$223
=100  1\$aConcannon, Colman,$eauthor.
=245  10$aDioxin Levels in the Irish Environment :$bFifth Assessment (Summer 2007): Based on Levels in Cow's Milk /$cColman Concannon.
=264  \1$aWexford :$bEnvironmental Protection Agency,$c[2008]
=264  \4$c©2008
=300  \\$a1 online resource (vi, 30 pages) :$billustrations (black and white, and colour)
=336  \\$atext$2rdacontent
=337  \\$acomputer$2rdamedia
=338  \\$aonline resource$2rdacarrier
=500  \\$a"November 2008".
=504  \\$aIncludes bibliographical references.
=650  \0$aDioxins$xEnvironmental aspects$zIreland.
=650  \0$aDioxins$xToxicology.
=650  \0$aEnvironmental protection$xGovernment policy$zIreland.
=710  1\$aIreland.$bEnvironmental Protection Agency.
=852  41$aBritish Library$bHMNTS$jDigital store
=CAT  \\$a10902$b40$c20160704$lBLL01$h1059
=CAT  \\$a10902$b40$c20160704$lBLL01$h1100
=CAT  \\$a7332$b40$c20170627$lBLL01$h1040
=CAT  \\$a7332$b40$c20170627$lBLL01$h1046
=FIN  \\$aY$d20170627
=STA  \\$aSUPPRESSED$bvdep
=LAS  \\$a7332$b40$c20170627$lBLL01$h1046

