=LDR  01135 am a2200349 i 4500
=001  017909232
=003  Uk
=005  20170628080902.0
=006  m\\\\||\\d\|\\\\\\
=007  cr\|||||||||||
=008  160704s2008\\\\ie\ab\\\o\\\\\000\0\eng\\
=FMT  \\$a  BK
=015  \\$aGBB7A8060$2bnb
=040  \\$aUk$beng$cUk$erda
=042  \\$aukblsr
=082  04$a363.73946309415$223
=245  04$aThe Quality of Bathing Water in Ireland :$bA Report for the Year 2007.
=264  \1$aWexford :$bEnvironmental Protection Agency,$c[2008]
=264  \4$c©2008
=300  \\$a1 online resource (24 pages) :$billustrations (colour), maps (colour)
=336  \\$atext$2rdacontent
=337  \\$acomputer$2rdamedia
=338  \\$aonline resource$2rdacarrier
=650  \0$aBathing beaches$zIreland.
=650  \0$aEnvironmental monitoring$zIreland.
=710  1\$aIreland.$bEnvironmental Protection Agency.
=852  41$aBritish Library$bHMNTS$jDigital store
=CAT  \\$a10902$b40$c20160704$lBLL01$h1111
=CAT  \\$a7332$b40$c20170628$lBLL01$h0809
=FIN  \\$aY$d20170628
=STA  \\$aSUPPRESSED$bvdep
=LAS  \\$a7332$b40$c20170628$lBLL01$h0809

