=LDR  02269 am a2200553 i 4500
=001  017909238
=003  Uk
=005  20170627135857.0
=006  m\\\\||\\d\|\\\\\\
=007  cr\|||||||||||
=008  160704s2008\\\\ie\a\\\\ob\\\\000\0\eng\\
=FMT  \\$a  BK
=015  \\$aGBB7A6692$2bnb
=020  \\$z1840952660
=040  \\$aUk$beng$cUk$erda
=042  \\$aukblsr
=082  04$a577.6315809417$223
=100  1\$aBourke, David,$eauthor.
=245  10$aEutrophication from Agricultural Sources :$bThe Impact of the Grazing Animal on Phosphorus, Nitrogen, Potassium and Suspended Solids Loss from Grazed Pastures - Phosphorus Dynamics in Grazed Grassland (2000-LS-2.1.2c-M2) : final report /$cAuthors: D. Bourke [and four others].
=264  \1$aWexford :$bEnvironmental Protection Agency,$c[2008]
=264  \4$c©2008
=300  \\$a1 online resource (ix, 48 pages) :$billustrations (black and white).
=336  \\$atext$2rdacontent
=337  \\$acomputer$2rdamedia
=338  \\$aonline resource$2rdacarrier
=490  0\$aERTDI Report Series ;$vNo. 77
=500  \\$a"Environmental Research Technological Development and Innovation Programme, 2000-2006"--Cover.
=500  \\$a"National Development Plan, 2007-2013"--Cover.
=504  \\$aIncludes bibliographical references.
=530  \\$aAlso issued in print format.
=650  \0$aEutrophication$zIreland.
=650  \0$aPhosphorus in agriculture$zIreland.
=650  \0$aNitrogen in agriculture$zIreland.
=650  \0$aPotassium in agriculture$zIreland.
=650  \0$aAgricultural pollution$zIreland.
=650  \0$aEnvironmental policy$zIreland.
=650  \0$aGrazing$xEnvironmental aspects$zIreland.
=710  1\$aIreland.$bEnvironmental Protection Agency.
=710  1\$aIreland.$tNational Development Plan.
=710  2\$aEnvironmental Research Technological Development and Innovation Programme.
=852  41$aBritish Library$bHMNTS$jDigital store
=CAT  \\$a10902$b40$c20160704$lBLL01$h1115
=CAT  \\$a10902$b40$c20160704$lBLL01$h1116
=CAT  \\$a10902$b40$c20160704$lBLL01$h1117
=CAT  \\$a10902$b40$c20160704$lBLL01$h1118
=CAT  \\$a7332$b40$c20170627$lBLL01$h1358
=FIN  \\$aY$d20170627
=STA  \\$aSUPPRESSED$bvdep
=LAS  \\$a7332$b40$c20170627$lBLL01$h1358

