=LDR  01319 am a2200385 i 4500
=001  017909271
=003  Uk
=005  20170627145310.0
=006  m\\\\||\\d\|\\\\\\
=007  cr\|||||||||||
=008  160704s2008\\\\ie\a\\\\o\\\\\000\0\eng\\
=FMT  \\$a  BK
=015  \\$aGBB7A6702$2bnb
=020  \\$z184095261X
=040  \\$aUk$beng$cUk$erda
=042  \\$aukblsr
=082  04$a623.754$223
=100  1\$aCurtis, John,$eauthor.
=245  10$aHitting the Targets for Biodegradable Municipal Waste :$bTen Options for Change /$cJohn Curtis, Strategic Policy Research Unit, Office Of Environmental Assessment.
=264  \1$aWexford :$bEnvironmental Protection Agency,$c2008.
=300  \\$a1 online resource (26 pages) :$billustrations (colour)
=336  \\$atext$2rdacontent
=337  \\$acomputer$2rdamedia
=338  \\$aonline resource$2rdacarrier
=500  \\$a"January 2008".
=500  \\$a"Discussion Paper".
=650  \0$aRefuse and refuse disposal$xEnvironmental aspects$zIreland.
=710  1\$aIreland.$bEnvironmental Protection Agency.
=852  41$aBritish Library$bHMNTS$jDigital store
=985  \\$a100?
=CAT  \\$a10902$b40$c20160704$lBLL01$h1157
=CAT  \\$a7332$b40$c20170627$lBLL01$h1453
=FIN  \\$aY$d20170627
=STA  \\$aSUPPRESSED$bvdep
=LAS  \\$a7332$b40$c20170627$lBLL01$h1453

