=LDR  01791 am a2200469 i 4500
=001  017909280
=003  Uk
=005  20170707101655.0
=006  m\\\\||\\d\|\\\\\\
=007  cr\|||||||||||
=008  160704s2008\\\\ie\a\\\\ob\\\\000\0\eng\\
=FMT  \\$a  BK
=015  \\$aGBB7A8063$2bnb
=020  \\$z1840952571
=040  \\$aUk$beng$cUk$erda
=042  \\$aukblsr
=082  04$a333.95$223
=100  1\$aAnderson, Annette,$eauthor.
=245  14$aThe Value of Parasitic Hymenoptera as Indicators of Biological Diversity :$b(2003-FS-CD-LS-14-M1) Strive Report /$cPrepared for the Environmental Protection Agency by Agriculture and Food Science Centre, University College Dublin. Authors: Annette Anderson and Gordon Purvis.
=264  \1$aWexford :$bEnvironmental Protection Agency,$c[2008]
=264  \4$c©2008
=300  \\$a1 online resource (ix, 60 pages) :$billustrations (black and white)
=336  \\$atext$2rdacontent
=337  \\$acomputer$2rdamedia
=338  \\$aonline resource$2rdacarrier
=500  \\$a"STRIVE : Environmental Protection Agency Programme, 2007-2013"--Cover.
=504  \\$aIncludes bibliographical references.
=650  \0$aHymenoptera$zIreland.
=650  \0$aParasitic wasps$zIreland.
=650  \0$aBiodiversity$zIreland.
=700  1\$aPurvis, Gordon,$eauthor.
=710  1\$aIreland.$bEnvironmental Protection Agency.
=710  2\$aEPA STRIVE Programme.
=852  41$aBritish Library$bHMNTS$jDigital store
=CAT  \\$a10902$b40$c20160704$lBLL01$h1207
=CAT  \\$a10902$b40$c20160704$lBLL01$h1209
=CAT  \\$a7332$b40$c20170628$lBLL01$h0820
=CAT  \\$a7332$b40$c20170707$lBLL01$h0858
=CAT  \\$a7332$b40$c20170707$lBLL01$h1016
=FIN  \\$aY$d20170628
=STA  \\$aSUPPRESSED$bvdep
=LAS  \\$a7332$b40$c20170707$lBLL01$h1016

