=LDR  01981 am a2200457 i 4500
=001  017909285
=003  Uk
=005  20170627102933.0
=006  m\\\\||\\d\|\\\\\\
=007  cr\|||||||||||
=008  160704s2008\\\\ie\ab\\\ob\\\\000\0\eng\\
=FMT  \\$a  BK
=015  \\$aGBB7A6665$2bnb
=020  \\$z1840952598
=040  \\$aUk$beng$cUk$erda
=042  \\$aukblsr
=082  04$a551.5113$223
=100  1\$aJennings, S. G.,$eauthor.
=245  10$aCLIMATE CHANGE - An Analysis of Aerosol Properties at Mace Head :$b(2000-LS-5.3.2-M1) STRIVE Report /$cPrepared for the Environmental Protection Agency by Atmospheric Research Group/Environmental Change Institute, Department of Experimental Physics, National University of Ireland, Galway and Rosenstiel School of Marine and Atmospheric Science, University of Miami, USA Authors: S. Gerard Jennings [and five others].
=264  \1$aWexford :$bEnvironmental Protection Agency,$c[2008]
=264  \4$c©2008
=300  \\$a1 online resource (v, 60 pages) :$billustrations (colour), maps (colour).
=336  \\$atext$2rdacontent
=337  \\$acomputer$2rdamedia
=338  \\$aonline resource$2rdacarrier
=490  0\$aSTRIVE Report Series ;$vNo. 4
=500  \\$a"STRIVE : Environmental Protection Agency Programme, 2007-2013"--Cover.
=500  \\$a"National Development Plan, 2007-2013"--Cover.
=504  \\$aIncludes bibliographical references.
=650  \0$aGreenhouse gases$xEnvironmental aspects$zAtlantic Ocean.
=650  \0$aAtmospheric aerosols.
=710  1\$aIreland.$bEnvironmental Protection Agency.
=710  2\$aEPA STRIVE Programme.
=710  2\$aNational University of Ireland, Galway.
=710  2\$aRosenstiel School of Marine and Atmospheric Science.
=852  41$aBritish Library$bHMNTS$jDigital store
=CAT  \\$a10902$b40$c20160704$lBLL01$h1212
=CAT  \\$a7332$b40$c20170627$lBLL01$h1029
=FIN  \\$aY$d20170627
=STA  \\$aSUPPRESSED$bvdep
=LAS  \\$a7332$b40$c20170627$lBLL01$h1029

