=LDR  01668 am a2200457 i 4500
=001  017909299
=003  Uk
=005  20170627111607.0
=006  m\\\\||\\d\|\\\\\\
=007  cr\|||||||||||
=008  160704s2008\\\\ie\a\\\\ob\\\\000\0\eng\\
=FMT  \\$a  BK
=015  \\$aGBB7A6673$2bnb
=020  \\$z1840952652
=040  \\$aUk$beng$cUk$erda
=042  \\$aukblsr
=082  04$a629.2538$223
=100  1\$aPurcell, Fergal,$eauthor.
=245  10$aeDiesel - Barriers and Benefits :$b(2005-ET-DS-18-M3): STRIVE Report /$cPrepared for the Environmental Protection Agency by energy solutions: Author: Fergal Purcell.
=264  \1$aWexford :$bEnvironmental Protection Agency,$c[2008]
=264  \4$c©2008
=300  \\$a1 online resource (x, 45 pages) :$billustrations (black and white, and colour).
=336  \\$atext$2rdacontent
=337  \\$acomputer$2rdamedia
=338  \\$aonline resource$2rdacarrier
=490  0\$aSTRIVE Report Series ;$vNo. 5
=500  \\$a"STRIVE : Environmental Protection Agency Programme, 2007-2013"--Cover.
=500  \\$a"National Development Plan, 2007-2013"--Cover.
=504  \\$aIncludes bibliographical references.
=650  \0$aAlcohol as fuel.
=650  \0$aDiesel motor$xAlternative fuels.
=710  1\$aIreland.$bEnvironmental Protection Agency.
=710  2\$aEnergySolutions (Firm)
=710  2\$aEPA STRIVE Programme.
=852  41$aBritish Library$bHMNTS$jDigital store
=CAT  \\$a10902$b40$c20160704$lBLL01$h1302
=CAT  \\$a7332$b40$c20170627$lBLL01$h1113
=CAT  \\$a7332$b40$c20170627$lBLL01$h1116
=FIN  \\$aY$d20170627
=STA  \\$aSUPPRESSED$bvdep
=LAS  \\$a7332$b40$c20170627$lBLL01$h1116

