=LDR  01741 am a2200445 i 4500
=001  017909301
=003  Uk
=005  20170707110051.0
=006  m\\\\||\\d\|\\\\\\
=007  cr\|||||||||||
=008  160704s2008\\\\ie\ab\\\ob\\\\000\0\eng\\
=FMT  \\$a  BK
=015  \\$aGBB7A8068$2bnb
=020  \\$z1840952709
=040  \\$aUk$beng$cUk$erda
=042  \\$aukblsr
=082  04$a551.4909415$223
=100  1\$aMisstear, B. D. R.,$eauthor.
=245  10$aWATER FRAMEWORK DIRECTIVE :$bRecharge and Groundwater Vulnerability. (2002-W-MS-16) STRIVE Report /$cPrepared for the Environmental Protection Agency by Department of Civil, Structural and Environmental Engineering, Trinity College Dublin Authors: Bruce Misstear and Les Brown.
=264  \1$aWexford :$bEnvironmental Protection Agency,$c[2008]
=264  \4$c©2008
=300  \\$a1 online resource (vii, 24 pages) :$billustrations (colour), maps (black and white, and colour)
=336  \\$atext$2rdacontent
=337  \\$acomputer$2rdamedia
=338  \\$aonline resource$2rdacarrier
=500  \\$a"EPA STRIVE Programme, 2007-2013"--Cover.
=504  \\$aIncludes bibliographical references.
=650  \0$aWater quality$zIreland$xMeasurement.
=650  \0$aWater quality management$zIreland.
=650  \0$aGroundwater$zIreland.
=700  1\$aBrown, Les$c(Research scientist),$eauthor.
=710  1\$aIreland.$bEnvironmental Protection Agency.
=710  2\$aEPA STRIVE Programme.
=852  41$aBritish Library$bHMNTS$jDigital store
=CAT  \\$a10902$b40$c20160704$lBLL01$h1307
=CAT  \\$a7332$b40$c20170628$lBLL01$h0840
=CAT  \\$a7332$b40$c20170707$lBLL01$h1100
=FIN  \\$aY$d20170628
=STA  \\$aSUPPRESSED$bvdep
=LAS  \\$a7332$b40$c20170707$lBLL01$h1100

