=LDR  01681 am a2200433 i 4500
=001  017909303
=003  Uk
=005  20170707111217.0
=006  m\\\\||\\d\|\\\\\\
=007  cr\|||||||||||
=008  160704s2008\\\\ie\ab\\\ob\\\\000\0\eng\\
=FMT  \\$a  BK
=015  \\$aGBB7A8066$2bnb
=020  \\$z1840952717
=040  \\$aUk$beng$cUk$erda
=042  \\$aukblsr
=082  04$a628.16109417$223
=100  1\$aCusack, Caroline,$eauthor.
=245  10$aWATER FRAMEWORK DIRECTIVE :$bMarine Ecological Tools for Reference, Intercalibration and Classification (METRIC) (2005-W-MS-36-M1) Strive Report. Prepared for the Environmental Protection Agency by Marine Institute and Central Fisheries Board Authors: Caroline Cusack (and nine others).
=264  \1$aWexford :$bEnvironmental Protection Agency,$c[2008]
=264  \4$c©2008
=300  \\$a1 online resource (viii, 40 pages) :$billustrations (colour), maps (colour)
=336  \\$atext$2rdacontent
=337  \\$acomputer$2rdamedia
=338  \\$aonline resource$2rdacarrier
=500  \\$a"EPA STRIVE Programme, 2007-2013"--Cover.
=504  \\$aIncludes bibliographical references.
=650  \0$aWater quality$zIreland$xMeasurement.
=650  \0$aWater quality management$zIreland.
=710  1\$aIreland.$bEnvironmental Protection Agency.
=710  2\$aEPA STRIVE Programme.
=852  41$aBritish Library$bHMNTS$jDigital store
=CAT  \\$a10902$b40$c20160704$lBLL01$h1311
=CAT  \\$a10902$b40$c20160704$lBLL01$h1312
=CAT  \\$a7332$b40$c20170628$lBLL01$h0832
=CAT  \\$a7332$b40$c20170707$lBLL01$h1112
=FIN  \\$aY$d20170628
=STA  \\$aSUPPRESSED$bvdep
=LAS  \\$a7332$b40$c20170707$lBLL01$h1112

