=LDR  01993 am a2200481 i 4500
=001  017909314
=003  Uk
=005  20181218141615.0
=006  m\\\\||\\d\|\\\\\\
=007  cr\|||||||||||
=008  160704s2008\\\\ie\a\\\\ob\\\\000\0\eng\\
=FMT  \\$a  BK
=015  \\$aGBB7A6655$2bnb
=020  \\$z9781840952933
=040  \\$aUk$beng$cUk$erda
=042  \\$aukblsr
=082  04$a363.72850681$223
=100  1\$aO'Callaghan-Platt, Abigail,$eauthor.
=245  12$aA Nationwide Review of Pay-By-Use (PBU) Domestic Waste Collection Charges in Ireland :$b(2005-WRM-MS-33-M1) : Case Study Report /$cAuthors: Abigail O'Callaghan-Platt and Anna Davies.
=264  \1$aWexford :$bEnvironmental Protection Agency,$c[2008]
=264  \4$c©2008
=300  \\$a1 online resource (x, 51 pages) :$billustrations (black and white).
=336  \\$atext$2rdacontent
=337  \\$acomputer$2rdamedia
=338  \\$aonline resource$2rdacarrier
=490  0\$aSTRIVE Report Series ;$vNo. 9
=500  \\$a"STRIVE : Environmental Protection Agency Programme, 2007-2013"--Cover.
=500  \\$a"National Development Plan, 2007-2013"--Cover.
=500  \\$a"Prepared for the Environmental Protection Agency by Department of Geography, School of Natural Sciences, Trinity College, Dublin".
=504  \\$aIncludes bibliographical references.
=650  \0$aRefuse and refuse disposal$xEconomic aspects$zIreland.
=650  \0$aRefuse and refuse disposal$xRates$zIreland.
=650  \0$aEnvironmental policy$zIreland.
=700  1\$aDavies, Anna,$d1970-$eauthor.
=710  1\$aIreland.$bEnvironmental Protection Agency.
=710  2\$aEnvironmental Research Technological Development and Innovation Programme.
=852  41$aBritish Library$bHMNTS$jDigital store
=CAT  \\$a10902$b40$c20160704$lBLL01$h1324
=CAT  \\$a7332$b40$c20170627$lBLL01$h0752
=CAT  \\$a5100$b40$c20181218$lBLL01$h1416
=FIN  \\$aY$d20170627
=STA  \\$aSUPPRESSED$bvdep
=LAS  \\$a5100$b40$c20181218$lBLL01$h1416

