=LDR  01897 am a2200481 i 4500
=001  017909320
=003  Uk
=005  20170627131845.0
=006  m\\\\||\\d\|\\\\\\
=007  cr\|||||||||||
=008  160704s2008\\\\ie\a\\\\ob\\\\000\0\eng\\
=FMT  \\$a  BK
=015  \\$aGBB7A6686$2bnb
=040  \\$aUk$beng$cUk$erda
=042  \\$aukblsr
=082  04$a363.728409415$223
=100  1\$aZhelev, Toshko,$eauthor.
=245  10$aEnergy Efficiency Improvement of Wastewater Treatment Processes - Using Process Integration Techniques :$b(2005-ET-DS-21-M3) STRIVE Report /$cPrepared for the Environmental Protection Agency by University of Limerick: Authors: Toshko Zhelev (and five others).
=264  \1$aWexford :$bEnvironmental Protection Agency,$c[2008]
=264  \4$c©2008
=300  \\$a1 online resource (vii, 19 pages) :$billustrations (colour).
=336  \\$atext$2rdacontent
=337  \\$acomputer$2rdamedia
=338  \\$aonline resource$2rdacarrier
=490  0\$aSTRIVE Report Series ;$vNo. 14
=500  \\$a"STRIVE : Environmental Protection Agency Programme, 2007-2013"--Cover.
=500  \\$a"National Development Plan, 2007-2013"--Cover.
=504  \\$aIncludes bibliographical references.
=650  \0$aWater treatment plants$zIreland.
=650  \0$aPollutants$zIreland.
=650  \0$aPollution$xEnvironmental aspects$zIreland.
=650  \0$aSewage$xEnvironmental aspects$zIreland.
=710  1\$aIreland.$bEnvironmental Protection Agency.
=710  2\$aEPA STRIVE Programme.
=852  41$aBritish Library$bHMNTS$jDigital store
=CAT  \\$a10902$b40$c20160704$lBLL01$h1330
=CAT  \\$a10902$b40$c20160704$lBLL01$h1331
=CAT  \\$a10902$b40$c20160704$lBLL01$h1332
=CAT  \\$a7332$b40$c20170627$lBLL01$h1304
=CAT  \\$a7332$b40$c20170627$lBLL01$h1318
=FIN  \\$aY$d20170627
=STA  \\$aSUPPRESSED$bvdep
=LAS  \\$a7332$b40$c20170627$lBLL01$h1318

