=LDR  01756 am a2200457 i 4500
=001  017909325
=003  Uk
=005  20170627081405.0
=006  m\\\\||\\d\|\\\\\\
=007  cr\|||||||||||
=008  160704s2008\\\\ie\a\\\\ob\\\\000\0\eng\\
=FMT  \\$a  BK
=015  \\$aGBB7A6656$2bnb
=020  \\$z9781840950205
=040  \\$aUk$beng$cUk$erda
=042  \\$aukblsr
=082  04$a363.73926$223
=100  1\$aHeitmann, Uwe,$eauthor.
=245  10$aAir Pollution - Trace Radical Absorption through Cavity-Enhanced Spectroscopy (TRACES) :$b(2005-ET-MS-28-M3) : Final Report /$cPrepared for the Environmental Protection Agency by University College Cork, Authors: Uwe Heitmann (and three others).
=264  \1$aWexford :$bEnvironmental Protection Agency,$c[2008]
=264  \4$c©2008
=300  \\$a1 online resource (x, 50 pages) :$billustrations (black and white, and colour).
=336  \\$atext$2rdacontent
=337  \\$acomputer$2rdamedia
=338  \\$aonline resource$2rdacarrier
=490  0\$aSTRIVE Report Series ;$vNo. 15
=500  \\$a"STRIVE : Environmental Protection Agency Programme, 2007-2013"--Cover.
=500  \\$a"National Development Plan, 2007-2013"--Cover.
=504  \\$aIncludes bibliographical references.
=650  \0$aAir$xPollution$xMeasurement.
=650  \0$aAir$xPollution$zIreland.
=650  \0$aMolecular spectroscopy.
=710  1\$aIreland.$bEnvironmental Protection Agency.
=710  2\$aEPA STRIVE Programme.
=852  41$aBritish Library$bHMNTS$jDigital store
=CAT  \\$a10902$b40$c20160704$lBLL01$h1336
=CAT  \\$a7332$b40$c20170627$lBLL01$h0807
=CAT  \\$a7332$b40$c20170627$lBLL01$h0814
=FIN  \\$aY$d20170627
=STA  \\$aSUPPRESSED$bvdep
=LAS  \\$a7332$b40$c20170627$lBLL01$h0814

