=LDR  01454 am a2200385 i 4500
=001  017909335
=003  Uk
=005  20170628073929.0
=006  m\\\\||\\d\|\\\\\\
=007  cr\|||||||||||
=008  160704s2008\\\\ie\a\\\\ob\\\\000\0\eng\\
=FMT  \\$a  BK
=015  \\$aGBB7A8059$2bnb
=020  \\$z9781840951325
=040  \\$aUk$beng$cUk$erda
=042  \\$aukblsr
=082  04$a623.754$223
=100  1\$aDesmond, Margaret,$eauthor.
=245  10$aStrategic Environmental Assessment - Alternatives Development for Household Waste Management :$b(2004-LA-FS-21-M2) Strive Report /$cPrepared for the Environmental Protection Agency by Department of Geography, University College, Cork. Author: Margaret Desmond.
=264  \1$aWexford :$bEnvironmental Protection Agency,$c[2008]
=264  \4$c©2008
=300  \\$a1 online resource (viii, 41 pages) :$billustrations (colour)
=336  \\$atext$2rdacontent
=337  \\$acomputer$2rdamedia
=338  \\$aonline resource$2rdacarrier
=500  \\$a"EPA STRIVE Programme 2007-2013"--Cover.
=504  \\$aIncludes bibliographical references.
=650  \0$aRefuse and refuse disposal$zIreland.
=710  1\$aIreland.$bEnvironmental Protection Agency.
=852  41$aBritish Library$bHMNTS$jDigital store
=CAT  \\$a10902$b40$c20160704$lBLL01$h1349
=CAT  \\$a7332$b40$c20170628$lBLL01$h0739
=FIN  \\$aY$d20170628
=STA  \\$aSUPPRESSED$bvdep
=LAS  \\$a7332$b40$c20170628$lBLL01$h0739

