=LDR  01102 am a2200361 i 4500
=001  017987225
=003  Uk
=005  20160906144759.0
=006  m\\\\||\\d\|\\\\\\
=007  cr\|||||||||||
=008  160824s2013\\\\ie\\\\\\o\\\\\000\1\eng\\
=FMT  \\$a  BK
=015  \\$aGBB6C2314$2bnb
=020  \\$a1908943157
=020  \\$a9781908943156
=040  \\$aUk$beng$cUk$erda
=042  \\$aukblsr
=082  04$a823.914$223
=100  1\$aWilliams, Jim,$d1947-$eauthor.
=245  10$aTango in Madeira /$cJim Williams.
=264  \1$a[Kilkenny] :$bMarble City Publishing,$c2013.
=300  \\$a1 online resource
=336  \\$atext$2rdacontent
=337  \\$acomputer$2rdamedia
=338  \\$aonline resource$2rdacarrier
=852  41$aBritish Library$bHMNTS$jDigital store
=CAT  \\$a10902$b40$c20160824$lBLL01$h1621
=CAT  \\$a7332$b40$c20160906$lBLL01$h1405
=CAT  \\$a7332$b40$c20160906$lBLL01$h1447
=CAT  \\$aW1711-1225$c20171203$lBLL01$h1057
=FIN  \\$aY$d20160906
=STA  \\$aSUPPRESSED$bunable to determine reason for suppression
=LAS  \\$aW1711-1225$b00$c20171203$lBLL01$h1057

