=LDR  01120 am a2200349 i 4500
=001  018010226
=003  Uk
=005  20170630074908.0
=006  m\\\\||\\d\|\\\\\\
=007  cr\|||||||||||
=008  160914s2013\\\\enk\\\\\o\\\\\000\j\eng\\
=FMT  \\$a  BK
=015  \\$aGBB7A8189$2bnb
=040  \\$aUk$beng$cUk$erda
=042  \\$aukblsr
=082  04$a823.92$223
=100  1\$aSmy, Steve K.$d1957-$eauthor.
=245  10$aUr'gavan :$bBeing the third part of Thief /$cSteve K Smy.
=264  \1$a[Great Britain] :$bImagineer ebooks,$c2013.
=300  \\$a1 online resource (36 pages)
=336  \\$atext$2rdacontent
=337  \\$acomputer$2rdamedia
=338  \\$aonline resource$2rdacarrier
=800  1\$aSmy, Steve K.$tThief ;$v3.
=852  41$aBritish Library$bHMNTS$jDigital store
=CAT  \\$a10902$b40$c20160914$lBLL01$h1428
=CAT  \\$a7332$b40$c20170629$lBLL01$h1446
=CAT  \\$a7332$b40$c20170630$lBLL01$h0749
=CAT  \\$aW1711-1225$c20171203$lBLL01$h1057
=FIN  \\$aY$d20170629
=STA  \\$aSUPPRESSED$bunable to determine reason for suppression
=LAS  \\$aW1711-1225$b00$c20171203$lBLL01$h1057

