=LDR  01076 am a2200337 i 4500
=001  018010252
=003  Uk
=005  20170630075849.0
=006  m\\\\||\\d\|\\\\\\
=007  cr\|||||||||||
=008  160914s2013\\\\enk\\\\\o\\\\\000\j\eng\\
=FMT  \\$a  BK
=015  \\$aGBB7A8284$2bnb
=040  \\$aUk$beng$cUk$erda
=042  \\$aukblsr
=082  04$a823.92$223
=100  1\$aSmy, Steve K.$d1957-$eauthor.
=245  10$aIntruder :$bBeing the fourth part of Thief /$cby Steve K Smy.
=264  \1$a[Great Britain] :$bImagineer ebooks,$c2013.
=300  \\$a1 online resource (51 pages)
=336  \\$atext$2rdacontent
=337  \\$acomputer$2rdamedia
=338  \\$aonline resource$2rdacarrier
=800  1\$aSmy, Steve K.$tThief ;$v4.
=852  41$aBritish Library$bHMNTS$jDigital store
=CAT  \\$a10902$b40$c20160914$lBLL01$h1452
=CAT  \\$a7332$b40$c20170630$lBLL01$h0758
=CAT  \\$aW1711-1225$c20171203$lBLL01$h1057
=FIN  \\$aY$d20170630
=STA  \\$aSUPPRESSED$bunable to determine reason for suppression
=LAS  \\$aW1711-1225$b00$c20171203$lBLL01$h1057

