=LDR  01354 am a2200385 i 4500
=001  018389029
=003  Uk
=005  20170628112358.0
=006  m\\\\||\\d\|\\\\\\
=007  cr\|||||||||||
=008  170622s2016\\\\ie\\\\\\o\\\\\000\0\eng\\
=FMT  \\$a  BK
=015  \\$aGBB7A8096$2bnb
=020  \\$a9781844962303
=040  \\$aUk$beng$cUk$erda
=042  \\$aukblsr
=082  04$a363.1109415$223
=245  00$aGuidance on the Safety, Health and Welfare at Work (Reporting of Accidents and Dangerous Occurrences) Regulations 2016.
=250  \\$aUpdated edition.
=264  \1$aDublin :$bHealth and Safety Authority,$cOctober 2016.
=300  \\$a1 online resource (13 pages)
=336  \\$atext$2rdacontent
=337  \\$acomputer$2rdamedia
=338  \\$aonline resource$2rdacarrier
=500  \\$aPublisher's number: HSA0451.
=650  \0$aIndustrial safety$xLaw and legislation$zIreland.
=650  \0$aIndustrial hygiene$xLaw and legislation$zIreland.
=710  1\$aIreland.$bHealth and Safety Authority.
=852  41$aBritish Library$bHMNTS$jDigital store
=CAT  \\$a10902$b40$c20170622$lBLL01$h1553
=CAT  \\$a7332$b40$c20170628$lBLL01$h1123
=CAT  \\$aW1711-1225$c20171203$lBLL01$h1057
=FIN  \\$aY$d20170628
=STA  \\$aSUPPRESSED$bunable to determine reason for suppression
=LAS  \\$aW1711-1225$b00$c20171203$lBLL01$h1057

