=LDR  01322 am a2200385 i 4500
=001  018389049
=003  Uk
=005  20170626091934.0
=006  m\\\\||\\d\|\\\\\\
=007  cr\|||||||||||
=008  170622s2016\\\\ie\a\\\\o\\\\\000\0|eng\\
=FMT  \\$a  BK
=015  \\$aGBB7A3901$2bnb
=020  \\$z9781844962396
=040  \\$aUk$beng$cUk$erda
=042  \\$aukblsr
=082  04$a363.1109415$223
=245  02$aA guide to Risk Assessments and Safety Assessments.
=250  \\$aUpdated edition.
=264  \1$a[Dublin] :$bHealth and Safety Authority,$cDecember 2016.
=300  \\$a1 online resource (30 pages) :$billustrations (colour)
=336  \\$atext$2rdacontent
=337  \\$acomputer$2rdamedia
=338  \\$aonline resource$2rdacarrier
=500  \\$aOriginally published: January 2006.
=650  \0$aIndustrial safety$xLaw and legislation$zIreland.
=650  \0$aIndustrial hygiene$xLaw and legislation$zIreland.
=710  1\$aIreland.$bHealth and Safety Authority.
=852  41$aBritish Library$bHMNTS$jDigital store
=CAT  \\$a10902$b40$c20170622$lBLL01$h1620
=CAT  \\$a7332$b40$c20170626$lBLL01$h0919
=CAT  \\$aW1711-1225$c20171203$lBLL01$h1057
=FIN  \\$aY$d20170626
=STA  \\$aSUPPRESSED$bunable to determine reason for suppression
=LAS  \\$aW1711-1225$b00$c20171203$lBLL01$h1057

