=LDR  01533 am a2200361 i 4500
=001  016538997
=003  Uk
=005  20131107143209.0
=006  m\\\\\\\\u\\||||||
=007  cr\|||||||||||
=008  131107s2009\\\\enk\\\\\o\\\\\000\0\eng\\
=FMT  \\$a  BK
=040  \\$aUk$beng$cUk$erda
=042  \\$aukblsr
=082  04$a780.2$223
=100  1\$aSorabji, Kaikhosru Shapurji,$d1892-1988,$eauthor.
=245  10$a[Collected published writings of Kaikhosru Shapurji Sorabji].$nVolume II,$pReviews.
=264  \1$a[Eaton Bishop, Hereford] :$b[Sorabji Archive],$c[2009]
=300  \\$a1 online resource (644 pages) :$bPDF
=336  \\$atext$2rdacontent
=337  \\$acomputer$2rdamedia
=338  \\$aonline resource$2rdacarrier
=500  \\$aTitle from PDF title page.
=500  \\$aPDF viewed on 7 November 2013.
=500  \\$aThe two volumes comprise as complete as possible a collection of published literary writings of Sorabji, excepting the books "Around music" and "Mi contra fa : the immoralisings of a Machiavellian musician".
=500  \\$a"A finding aid consisting of a complete index of proper names and places ... is available separately from the Sorabji Archive"--Introduction to volume I.
=650  \0$aMusical criticism.
=852  41$aBritish Library$bHMNTS$jDigital score
=CAT  \\$a12274$b40$c20131107$lBLL01$h1432
=CAT  \\$aW1711-1225$c20171203$lBLL01$h1054
=FIN  \\$aY$d20131107
=STA  \\$aSUPPRESSED$bunable to determine reason for suppression
=LAS  \\$aW1711-1225$b00$c20171203$lBLL01$h1054

