=LDR  01345 cm a2200397 i 4500
=001  016601549
=003  Uk
=005  20140314135109.0
=006  m\\\\|\\\z\|\\\\\\
=007  cr\|||||||||||
=008  140113s2009\\\\enkzza\\\\\\\\\n\\\\zxx\\
=FMT  \\$a  MU
=040  \\$aUk$beng$cUk$erda
=042  \\$aukblsr
=082  04$a788.52$223
=100  1\$aHinton, Alistair,$ecomposer.
=245  10$aThree page essay before a sonata :$bfor oboe and piano, op. 27 (1993) /$cAlistair Hinton.
=264  \1$a[England] :$b[Alistair Hinton],$c2009.
=300  \\$a1 online resource (1 score (3 pages))
=336  \\$anotated music$2rdacontent
=337  \\$acomputer$2rdamedia
=338  \\$aonline resource$2rdacarrier
=347  \\$bPDF$2rda
=500  \\$aReproduced from holograph.
=546  \\$bStaff notation.
=600  10$aHinton, Alistair$vManuscripts$vFacsimiles.
=650  \0$aOboe and piano music$vScores.
=650  \0$aMusic$vManuscripts$vFacsimiles.
=852  41$aBritish Library$bMUSIC$jDigital store
=CAT  \\$a12664$b40$c20140113$lBLL01$h1043
=CAT  \\$a12274$b40$c20140203$lBLL01$h1507
=CAT  \\$a12274$b40$c20140314$lBLL01$h1351
=CAT  \\$aW1711-1225$c20171203$lBLL01$h1055
=FIN  \\$aY$d20140314
=STA  \\$aSUPPRESSED$bunable to determine reason for suppression
=LAS  \\$aW1711-1225$b00$c20171203$lBLL01$h1055

