=LDR  01375 cm a2200421 i 4500
=001  016601571
=003  Uk
=005  20140314140240.0
=006  m\\\\|\\\z\|\\\\\\
=007  cr\|||||||||||
=008  140113s2009\\\\enk||l\\\\\\\\\n\\\\zxx\\
=FMT  \\$a  MU
=040  \\$aUk$beng$cUk$erda
=042  \\$aukblsr
=082  04$a788.32$223
=100  1\$aHinton, Alistair,$ecomposer.
=240  10$aPieces,$mflute$n(1966)
=245  10$aThree pieces for flute :$b1966 /$cAlistair Hinton.
=264  \1$a[England] :$b[Alistair Hinton],$c2009.
=300  \\$a1 online resource (1 score (16 pages))
=336  \\$anotated music$2rdacontent
=337  \\$acomputer$2rdamedia
=338  \\$aonline resource$2rdacarrier
=347  \\$bPDF$2rda
=546  \\$bStaff notation.
=500  \\$aTitle from PDF caption title.
=500  \\$aReproduced from holograph.
=600  10$aHinton, Alistair$vManuscripts$vFacsimiles.
=650  \0$aFlute music.
=650  \0$aMusic$vManuscripts$vFacsimiles.
=852  41$aBritish Library$bMUSIC$jDigital store
=CAT  \\$a12664$b40$c20140113$lBLL01$h1054
=CAT  \\$a12274$b40$c20140203$lBLL01$h1508
=CAT  \\$a12274$b40$c20140314$lBLL01$h1402
=CAT  \\$aW1711-1225$c20171203$lBLL01$h1055
=FIN  \\$aY$d20140314
=STA  \\$aSUPPRESSED$bunable to determine reason for suppression
=LAS  \\$aW1711-1225$b00$c20171203$lBLL01$h1055

