=LDR  01645 cm a2200433 i 4500
=001  016601663
=003  Uk
=005  20140314151852.0
=006  m\\\\|\\\z\|\\\\\\
=007  cr\|||||||||||
=008  140113s2009\\\\enkzza\\o\\\\\\n\\\\zxx\\
=FMT  \\$a  MU
=040  \\$aUk$beng$cUk$erda
=042  \\$aukblsr
=082  04$a785.43199$223
=100  1\$aHinton, Alistair,$ecomposer.
=245  10$aSzymanowski-Etiud :$bfor eighteen wind instruments : op. 32 (1992/96) /$cAlistair Hinton.
=264  \1$a[Bath] :$b[Sorabji Archive],$c2009
=300  \\$a1 online resource (1 score (122 pages))
=336  \\$anotated music$2rdacontent
=337  \\$acomputer$2rdamedia
=338  \\$aonline resource$2rdacarrier
=347  \\$bPDF
=500  \\$aInstrumentation : piccolo, 2 flutes, 2 oboes, cor anglé, clarinet in E flat, clarinet in B flat, bass clarinet, 2 bassoons, contrabassoon, 4 horns in F, trumpet in B flat, contrabass trombone.
=546  \\$bStaff notation.
=500  \\$aReproduced from holograph.
=500  \\$aIncludes preface by the composer.
=600  10$aHinton, Alistair$vManuscripts$vFacsimiles.
=650  \0$aWind ensembles$vScores.
=650  \0$aMusic$vManuscripts$vFacsimiles.
=852  41$aBritish Library$bMUSIC$jDigital store
=CAT  \\$a12664$b40$c20140113$lBLL01$h1102
=CAT  \\$a12274$b40$c20140203$lBLL01$h1507
=CAT  \\$a12274$b40$c20140306$lBLL01$h1208
=CAT  \\$a12274$b40$c20140314$lBLL01$h1518
=CAT  \\$aW1711-1225$c20171203$lBLL01$h1055
=FIN  \\$aY$d20140306
=STA  \\$aSUPPRESSED$bunable to determine reason for suppression
=LAS  \\$aW1711-1225$b00$c20171203$lBLL01$h1055

