=LDR  01743 cm a2200493 i 4500
=001  016601687
=003  Uk
=005  20140213165927.0
=006  m\\\\|\\\z\|\\\\\\
=007  cr\|||||||||||
=008  140113t20092009enksna\\o\\\\\\n\\\\zxx\\
=FMT  \\$a  MU
=040  \\$aUk$beng$cUk$erda
=041  0\$geng
=042  \\$aukblsr
=082  04$a787.4183$223
=100  1\$aHinton, Alistair,$ecomposer.
=245  10$aSonaten-Triaden :$bfor cello and piano (1970) /$c[Alistair Hinton].
=264  \1$a[Bath] :$b[Sorabji Archive],$c[2009?]
=264  \4$c©2009
=300  \\$a1 online resource (1 score (7 pages)) :$bPDF
=336  \\$anotated music$2rdacontent
=337  \\$acomputer$2rdamedia
=338  \\$aonline resource$2rdacarrier
=500  \\$aThe first and only completed movement of the first of an intended trilogy of sonatas for cello and piano.
=500  \\$aComposed 1970.
=546  \\$bStaff notation.
=500  \\$aReproduced from holograph.
=500  \\$aIncludes composer's note.
=500  \\$aTitle from PDF caption.
=500  \\$aPDF viewed on 13 February 2014.
=600  10$aHinton, Alistair$vManuscripts$vFacsimiles.
=650  \0$aCello and piano music$vScores.
=650  \0$aSonatas (Cello and piano)$vExcerpts$vScores.
=650  \0$aMusic$vManuscripts$vFacsimiles.
=852  42$aBritish Library$bMUSIC$jDigital store
=CAT  \\$a12664$b40$c20140113$lBLL01$h1117
=CAT  \\$a12664$b40$c20140113$lBLL01$h1119
=CAT  \\$a12274$b40$c20140203$lBLL01$h1503
=CAT  \\$a11814$b40$c20140213$lBLL01$h1659
=CAT  \\$aW1711-1225$c20171203$lBLL01$h1055
=FIN  \\$aY$d20140213
=STA  \\$aSUPPRESSED$bunable to determine reason for suppression
=LAS  \\$aW1711-1225$b00$c20171203$lBLL01$h1055

