=LDR  01747 cm a2200493 i 4500
=001  016601711
=003  Uk
=005  20140612163137.0
=006  m\\\\|\\\z\|\\\\\\
=007  cr\|||||||||||
=008  140113t20062005enkzzze\o\\\\\\n\\\\zxx\\
=FMT  \\$a  MU
=028  32$aA.H. 38$bAlistair Hinton
=040  \\$aUk$beng$cUk$erda
=042  \\$aukblsr
=082  04$a785.7194$223
=100  1\$aHinton, Alistair,$ecomposer.
=240  10$aQuartets,$mviolins (2), viola, cello,$nno. 1
=245  10$aString Quartet no. 1 :$b(Arnold Schönberg In Memoriam) : violin I /$cAlistair Hinton.
=264  \1$a[Bath] :$b[Sorabji Archive],$c[2006]
=264  \4$c©2005.
=300  \\$a1 online resource (1 part (17 pages)) :$bPDF
=336  \\$anotated music$2rdacontent
=337  \\$acomputer$2rdamedia
=338  \\$aonline resource$2rdacarrier
=500  \\$a"Op. 38 1999"--caption.
=500  \\$aEdition and typesetting by Simon J. Abrahams.
=546  \\$bStaff notation.
=600  10$aHinton, Alistair$vManuscripts$vFacsimiles.
=650  \0$aString quartets$vParts.
=650  \0$aMusic$vManuscripts$vFacsimiles.
=700  1\$aAbrahams, Simon,$eeditor.
=852  41$aBritish Library$bMUSIC$jDigital store
=CAT  \\$a12664$b40$c20140113$lBLL01$h1132
=CAT  \\$a12274$b40$c20140203$lBLL01$h1504
=CAT  \\$a12274$b40$c20140217$lBLL01$h1740
=CAT  \\$a12274$b40$c20140217$lBLL01$h1744
=CAT  \\$a12274$b40$c20140507$lBLL01$h0919
=CAT  \\$a12274$b40$c20140612$lBLL01$h1631
=CAT  \\$aW1612-0678$b00$c20170123$lBLL01$h1435
=CAT  \\$aW1711-1225$c20171203$lBLL01$h1055
=FIN  \\$aY$d20140217
=STA  \\$aSUPPRESSED$bunable to determine reason for suppression
=LAS  \\$aW1711-1225$b00$c20171203$lBLL01$h1055

