=LDR  01591 cm a2200457 i 4500
=001  016601738
=003  Uk
=005  20140314152139.0
=006  m\\\\|\\\z\|\\\\\\
=007  cr\|||||||||||
=008  140113s2009\\\\enkzzze\\\\\\\\n\\\\zxx\\
=FMT  \\$a  MU
=040  \\$aUk$beng$cUk$erda
=042  \\$aukblsr
=082  04$a785.7194$223
=100  1\$aHinton, Alistair,$ecomposer.
=240  10$aQuartets,$mviolins (2), viola, cello,$nno. 1
=245  10$aString quartet no. 1, op. 38 :$b(1999) /$cAlistair Hinton.
=264  \1$a[Bath] :$b[Sorabji Archive],$c2009
=300  \\$a1 online resource (4 parts (various pagings))
=336  \\$anotated music$2rdacontent
=337  \\$acomputer$2rdamedia
=338  \\$aonline resource$2rdacarrier
=347  \\$bPDF$2rda
=500  \\$aReproduced from holograph.
=500  \\$aParts for violin I, violin II, viola and cello.
=546  \\$bStaff notation.
=600  10$aHinton, Alistair$vManuscripts$vFacsimiles.
=650  \0$aString quartets$vParts.
=650  \0$aMusic$vManuscripts$vFacsimiles.
=852  41$aBritish Library$bMUSIC$jDigital store
=CAT  \\$a12664$b40$c20140113$lBLL01$h1153
=CAT  \\$a12274$b40$c20140203$lBLL01$h1506
=CAT  \\$a12274$b40$c20140314$lBLL01$h1104
=CAT  \\$a12274$b40$c20140314$lBLL01$h1129
=CAT  \\$a12274$b40$c20140314$lBLL01$h1521
=CAT  \\$aW1612-0678$b00$c20170123$lBLL01$h1435
=CAT  \\$aW1711-1225$c20171203$lBLL01$h1055
=FIN  \\$aY$d20140314
=STA  \\$aSUPPRESSED$bunable to determine reason for suppression
=LAS  \\$aW1711-1225$b00$c20171203$lBLL01$h1055

