=LDR  02038 cm a2200505 i 4500
=001  016601745
=003  Uk
=005  20140314120603.0
=006  m\\\\|\\\z\|\\\\\\
=007  cr\|||||||||||
=008  140113t20052005enkzzae\o\\\\\\n\\\\zxx\\
=FMT  \\$a  MU
=028  22$aA.H. 38$bAlistair Hinton
=040  \\$aUk$beng$cUk$erda
=042  \\$aukblsr
=082  04$a785.7194$223
=100  1\$aHinton, Alistair,$ecomposer.
=240  10$aQuartets,$mviolins (2), viola, cello,$nno. 1
=245  10$aString quartet no. 1, op. 38 :$bArnold Schönberg in memoriam :1999 /$cAlistair Hinton.
=246  33$aArnold Schönberg in memoriam
=264  \1$a[England?] :$b[Alistair Hinton],$c[2005]
=264  \4$c©2005
=300  \\$a1 online resource (1 score (43 pages)) + parts
=336  \\$anotated music$2rdacontent
=337  \\$acomputer$2rdamedia
=338  \\$aonline resource$2rdacarrier
=347  \\$bPDF$2rda
=500  \\$aEdition and typesetting by Simon J. Abrahams.
=500  \\$aTitle from score PDF caption title.
=546  \\$bStaff notation.
=650  \0$aString quartets$vScores and parts.
=700  1\$aAbrahams, Simon,$eeditor.
=852  41$aBritish Library$bMUSIC$jDigital store$iViolin 2$xFormerly on bib rec 16601728, now merged with 16601745 & deleted
=852  41$aBritish Library$bMUSIC$jDigital store$iViola$xFormerly on bib rec 16601701, now merged with 16601745 and deleted
=852  41$aBritish Library$bMUSIC$jDigital store$iCello$xFormerly on bib rec 16601692, now merged with 16601745 and deleted
=852  41$aBritish Library$bMUSIC$jDigital store$iScore
=CAT  \\$a12664$b40$c20140113$lBLL01$h1155
=CAT  \\$a12274$b40$c20140203$lBLL01$h1506
=CAT  \\$a12274$b40$c20140314$lBLL01$h1136
=CAT  \\$a12274$b40$c20140314$lBLL01$h1206
=CAT  \\$aW1612-0678$b00$c20170123$lBLL01$h1435
=CAT  \\$aW1711-1225$c20171203$lBLL01$h1055
=FIN  \\$aY$d20140314
=STA  \\$aSUPPRESSED$bunable to determine reason for suppression
=LAS  \\$aW1711-1225$b00$c20171203$lBLL01$h1055

