=LDR  02385 cm a2200553 i 4500
=001  016601768
=003  Uk
=005  20140314152153.0
=006  m\\\\|\\\z\|\\\\\\
=007  cr\|||||||||||
=008  140113s2009\\\\enkzzc\\\\\\\\\n\\\\eng\\
=FMT  \\$a  MU
=040  \\$aUk$beng$cUk$erda
=041  0\$aeng$eeng
=042  \\$aukblsr
=082  04$a783.66$223
=100  1\$aHinton, Alistair,$ecomposer.
=240  10$aQuintets,$msoprano, violins (2), viola, cello, double bass.$kSelections;$oarranged
=245  10$aExtracts from string quintet op. 13 (1969-1977) /$cAlistair Hinton ; piano reduction by the composer.
=246  31$iTitle on PDF title page:$aString quintet, op. 13, for 2 violins, viola, cello, double-bass and soprano solo (last movement)
=264  \1$a[England] :$b[Alistair Hinton],$c2009
=300  \\$a1 online resource (1 score (8 unnumbered pages, 59 pages))
=336  \\$anotated music$2rdacontent
=337  \\$acomputer$2rdamedia
=338  \\$aonline resource$2rdacarrier
=347  \\$bPDF$2rda
=500  \\$aFor soprano and piano.
=500  \\$aPiano reduction for rehearsal purposes only.
=546  \\$bStaff notation.
=500  \\$aTitle from PDF caption title.
=500  \\$aThe final movement sets texts by Arnold Schönberg, John Keats, Kahlil Gibran, Frederick Delius, Kaikhosru Sorabji, John Milton, Norman Douglas, Hermes Trismegistus, Rabindranath Tagore, St. Thayumanavar, Robert Browning, the Upanishads, Jami and and Hector Berlioz.
=500  \\$aReproduced from holograph.
=546  \\$aEnglish words.
=500  \\$aIncludes preface in English.
=500  \\$aTexts also presented separately.
=600  10$aHinton, Alistair$vManuscripts$vFacsimiles.
=650  \0$aSongs (High voice) with instrumental ensemble$vVocal scores with piano.
=650  \0$aMusic$vManuscripts$vFacsimiles.
=852  41$aBritish Library$bMUSIC$jDigital store
=CAT  \\$a12664$b40$c20140113$lBLL01$h1210
=CAT  \\$a12664$b40$c20140113$lBLL01$h1227
=CAT  \\$a12274$b40$c20140203$lBLL01$h1507
=CAT  \\$a12274$b40$c20140314$lBLL01$h1258
=CAT  \\$a12274$b40$c20140314$lBLL01$h1259
=CAT  \\$a12274$b40$c20140314$lBLL01$h1521
=CAT  \\$aW1711-1225$c20171203$lBLL01$h1055
=FIN  \\$aY$d20140314
=STA  \\$aSUPPRESSED$bunable to determine reason for suppression
=LAS  \\$aW1711-1225$b00$c20171203$lBLL01$h1055

