=LDR  02160 cm a2200517 i 4500
=001  016601788
=003  Uk
=005  20140314152208.0
=006  m\\\\|\\\z\|\\\\\\
=007  cr\|||||||||||
=008  140113s2009\\\\enkzzc\\\\\\\\\n\\\\eng\\
=FMT  \\$a  MU
=040  \\$aUk$beng$cUk$erda
=041  0\$aeng$eeng
=042  \\$aukblsr
=082  04$a785.7195$223
=100  1\$aHinton, Alistair,$ecomposer.
=240  10$aQuintets,$msoprano, violins (2), viola, cello, double bass
=245  10$aString quintet, op. 13, for 2 violins, viola, cello, double-bass and soprano solo (last movement) :$b(1969-70/1976-77) /$cAlistair Hinton.
=264  \1$a[England] :$b[Alistair Hinton],$c2009
=300  \\$a1 online resource (1 score (269 pages))
=336  \\$anotated music$2rdacontent
=337  \\$acomputer$2rdamedia
=338  \\$aonline resource$2rdacarrier
=347  \\$bPDF$2rda
=546  \\$bStaff notation.
=500  \\$aThe final movement sets texts by Arnold Schönberg, John Keats, Kahlil Gibran, Frederick Delius, Kaikhosru Sorabji, John Milton, Norman Douglas, Hermes Trismegistus, Rabindranath Tagore, St. Thayumanavar, Robert Browning, the Upanishads, Jami and and Hector Berlioz.
=546  \\$aEnglish words.
=500  \\$aTexts also presented separately.
=500  \\$aReproduced from holograph.
=500  \\$aIncludes preface in English.
=600  10$aHinton, Alistair$vManuscripts$vFacsimiles.
=650  \0$aString quintets (Violins (2), viola, cello, double bass)$vScores.
=650  \0$aSongs (High voice) with instrumental ensemble$vScores.
=650  \0$aMusic$vManuscripts$vFacsimiles.
=852  41$aBritish Library$bMUSIC$jDigital store
=CAT  \\$a12664$b40$c20140113$lBLL01$h1227
=CAT  \\$a12274$b40$c20140203$lBLL01$h1507
=CAT  \\$a12274$b40$c20140314$lBLL01$h1237
=CAT  \\$a12274$b40$c20140314$lBLL01$h1250
=CAT  \\$a12274$b40$c20140314$lBLL01$h1256
=CAT  \\$a12274$b40$c20140314$lBLL01$h1522
=CAT  \\$aW1711-1225$c20171203$lBLL01$h1055
=FIN  \\$aY$d20140314
=STA  \\$aSUPPRESSED$bunable to determine reason for suppression
=LAS  \\$aW1711-1225$b00$c20171203$lBLL01$h1055

