=LDR  01680 cm a2200469 i 4500
=001  016601822
=003  Uk
=005  20140612162346.0
=006  m\\\\|\\\z\|\\\\\\
=007  cr\|||||||||||
=008  140113s2010\\\\enkzza\\o\\\\\\n\\\\zxx\\
=FMT  \\$a  MU
=040  \\$aUk$beng$cUk$erda
=042  \\$aukblsr
=082  04$a785.28195$223
=100  1\$aHinton, Alistair,$ecomposer.
=240  10$aQuintets,$mpiano, strings,$nop. 47
=245  10$aQuintet :$bfor piano, 2 violins, viola & 'cello : (1980-2010) /$cAlistair Hinton.
=246  33$aPiano quintet, op. 47
=264  \1$a[Bath] :$b[Sorabji Archive],$c[2010?]
=300  \\$a1 online resource (1 score (333 pages)) :$bPDF
=336  \\$anotated music$2rdacontent
=337  \\$acomputer$2rdamedia
=338  \\$aonline resource$2rdacarrier
=546  \\$bStaff notation.
=500  \\$aReproduced from holograph.
=500  \\$aOpus number from PDF file name.
=505  0\$a[Untitled] -- Scherzo -- Threni, cadenze e notturni -- Finale.
=600  10$aHinton, Alistair$vManuscripts$vFacsimiles.
=650  \0$aPiano quintets$vScores.
=650  \0$aMusic$vManuscripts$vFacsimiles.
=852  42$aBritish Library$bMUSIC$jDigital store
=CAT  \\$a12664$b40$c20140113$lBLL01$h1320
=CAT  \\$a12274$b40$c20140203$lBLL01$h1503
=CAT  \\$a11814$b40$c20140213$lBLL01$h1558
=CAT  \\$a11814$b40$c20140213$lBLL01$h1601
=CAT  \\$a11814$b40$c20140213$lBLL01$h1720
=CAT  \\$a12274$b40$c20140612$lBLL01$h1623
=CAT  \\$aW1711-1225$c20171203$lBLL01$h1055
=FIN  \\$aY$d20140213
=STA  \\$aSUPPRESSED$bunable to determine reason for suppression
=LAS  \\$aW1711-1225$b00$c20171203$lBLL01$h1055

