=LDR  01596 cm a2200469 i 4500
=001  016601830
=003  Uk
=005  20140213122617.0
=006  m\\\\|\\\z\|\\\\\\
=007  cr\|||||||||||
=008  140113t20091973enkzza\\o\\\\\\n\\\\zxx\\
=FMT  \\$a  MU
=040  \\$aUk$beng$cUk$erda
=041  0\$geng
=042  \\$aukblsr
=082  04$a785.28193$223
=100  1\$aHinton, Alistair,$ecomposer.
=240  10$aTrios,$mpiano, strings,$nno. 1, op. 2
=245  10$aPiano trio no. 1, op. 2 :$b(1966) /$c[Alistair Hinton].
=250  \\$a"Rev. 1998".
=264  \1$a[Bath] :$b[Sorabji Archive],$c[2009?]
=264  \4$c©1973
=300  \\$a1 online resource (1 score (12 pages)) :$bPDF
=336  \\$anotated music$2rdacontent
=337  \\$acomputer$2rdamedia
=338  \\$aonline resource$2rdacarrier
=500  \\$aFor piano, violin and cello.
=546  \\$bStaff notation.
=500  \\$a"This single-movement fantasy is presented here in a copyist's copy"--Composer's note.
=500  \\$aTitle from PDF caption.
=500  \\$aPDF viewed on 13 February 2014.
=650  \0$aPiano trios$vScores.
=650  \0$aMusic$vManuscripts$vFacsimiles.
=852  42$aBritish Library$bMUSIC$jDigital store
=CAT  \\$a12664$b40$c20140113$lBLL01$h1327
=CAT  \\$a12274$b40$c20140203$lBLL01$h1502
=CAT  \\$a11814$b40$c20140213$lBLL01$h1126
=CAT  \\$a11814$b40$c20140213$lBLL01$h1226
=CAT  \\$aW1711-1225$c20171203$lBLL01$h1055
=FIN  \\$aY$d20140213
=STA  \\$aSUPPRESSED$bunable to determine reason for suppression
=LAS  \\$aW1711-1225$b00$c20171203$lBLL01$h1055

