=LDR  01438 cm a2200421 i 4500
=001  016601861
=003  Uk
=005  20140213111328.0
=006  m\\\\|\\\z\|\\\\\\
=007  cr\|||||||||||
=008  140113s2009\\\\enkzzz\\o\\\\\\n\\\\zxx\\
=FMT  \\$a  MU
=040  \\$aUk$beng$cUk$erda
=042  \\$aukblsr
=082  04$a788.975$223
=100  1\$aHinton, Alistair,$ecomposer.
=245  10$aPassegiata Straussiana :$bfor euphonium and piano, op. 39 /$cAlistair Hinton.
=264  \1$a[Bath] :$b[Sorabji Archive],$c[2009?]
=300  \\$a1 online resource (1 part (6 pages)) :$bPDF
=336  \\$anotated music$2rdacontent
=337  \\$acomputer$2rdamedia
=338  \\$aonline resource$2rdacarrier
=500  \\$aEuphonium part.
=546  \\$bStaff notation.
=500  \\$aReproduced from holograph.
=500  \\$aTitle from PDF caption.
=500  \\$aPDF viewed on 13 February 2014.
=600  10$aHinton, Alistair$vManuscripts$vFacsimiles.
=650  \0$aEuphonium and piano music$vParts.
=650  \0$aMusic$vManuscripts$vFacsimiles.
=852  42$aBritish Library$bMUSIC$jDigital store
=CAT  \\$a12664$b40$c20140113$lBLL01$h1346
=CAT  \\$a12274$b40$c20140203$lBLL01$h1501
=CAT  \\$a11814$b40$c20140213$lBLL01$h1113
=CAT  \\$aW1711-1225$c20171203$lBLL01$h1055
=FIN  \\$aY$d20140213
=STA  \\$aSUPPRESSED$bunable to determine reason for suppression
=LAS  \\$aW1711-1225$b00$c20171203$lBLL01$h1055

