=LDR  01901 cm a2200529 i 4500
=001  016601864
=003  Uk
=005  20140213110659.0
=006  m\\\\|\\\z\|\\\\\\
=007  cr\|||||||||||
=008  140113t20092000enkzza\\ohi\\\\n\\\\zxx\\
=FMT  \\$a  MU
=040  \\$aUk$beng$cUk$erda
=041  0\$geng
=042  \\$aukblsr
=082  04$a788.975$223
=100  1\$aHinton, Alistair,$ecomposer.
=245  10$aPassegiata Straussiana :$bop. 39 (1999/2000) /$c[Alistair Hinton].
=264  \1$a[Bath] :$b[Sorabji Archive],$c[2009?]
=264  \4$c©2000
=300  \\$a1 online resource (1 score (16 pages)) :$bPDF
=336  \\$anotated music$2rdacontent
=337  \\$acomputer$2rdamedia
=338  \\$aonline resource$2rdacarrier
=500  \\$aFor euphonium and piano.
=546  \\$bStaff notation.
=500  \\$aReproduced from holograph.
=500  \\$aIncludes composer's programme note.
=500  \\$aWritten to honour Richard Strauss in the fiftieth anniversary year of his death.
=500  \\$aTitle from PDF caption.
=500  \\$aPDF viewed on 13 February 2014.
=600  10$aHinton, Alistair$vManuscripts$vFacsimiles.
=600  10$aStrauss, Richard,$d1864-1949$vAnniversaries, etc.
=650  \0$aEuphonium and piano music$vScores.
=650  \0$aMusic$vManuscripts$vFacsimiles.
=852  42$aBritish Library$bMUSIC$jDigital store
=CAT  \\$a12664$b40$c20140113$lBLL01$h1349
=CAT  \\$a12274$b40$c20140203$lBLL01$h1502
=CAT  \\$a11814$b40$c20140213$lBLL01$h1059
=CAT  \\$a11814$b40$c20140213$lBLL01$h1103
=CAT  \\$a11814$b40$c20140213$lBLL01$h1106
=CAT  \\$aBATCH-UPD$b40$c20140826$lBLL01$h2127
=CAT  \\$aBATCH-UPD$b40$c20150226$lBLL01$h2138
=CAT  \\$aW1711-1225$c20171203$lBLL01$h1055
=FIN  \\$aY$d20140213
=STA  \\$aSUPPRESSED$bunable to determine reason for suppression
=LAS  \\$aW1711-1225$b00$c20171203$lBLL01$h1055

