=LDR  01642 cm a2200493 i 4500
=001  016601889
=003  Uk
=005  20140612162420.0
=006  m\\\\|\\\z\|\\\\\\
=007  cr\|||||||||||
=008  140113t20091995enkzzl\\o\\\\\\n\\\\zxx\\
=FMT  \\$a  MU
=040  \\$aUk$beng$cUk$erda
=041  0\$geng
=042  \\$aukblsr
=082  04$a787.21894$223
=100  1\$aHinton, Alistair,$ecomposer.
=240  10$aImprovisation,$mviolin,$nop. 12
=245  10$aImprovisation :$bfor violin solo, op. 12 /$c[Alistair Hinton].
=264  \1$a[Bath] :$b[Sorabji Archive],$c[2009?]
=264  \4$c©1995
=300  \\$a1 online resource (1 score (4 pages)) :$bPDF
=336  \\$anotated music$2rdacontent
=337  \\$acomputer$2rdamedia
=338  \\$aonline resource$2rdacarrier
=500  \\$aComposed 20/05/1977.
=500  \\$aDedicated to Ishani Bhoola.
=546  \\$bStaff notation.
=500  \\$aReproduced from holograph.
=500  \\$aIncludes composer's note.
=600  10$aHinton, Alistair$vManuscripts$vFacsimiles.
=650  \0$aViolin music.
=650  \0$aMusic$vManuscripts$vFacsimiles.
=700  1\$aBhoola, Ishani,$ededicatee.
=852  42$aBritish Library$bMUSIC$jDigital store
=CAT  \\$a12664$b40$c20140113$lBLL01$h1404
=CAT  \\$a12274$b40$c20140203$lBLL01$h1501
=CAT  \\$a11814$b40$c20140212$lBLL01$h1723
=CAT  \\$a13932$b40$c20140417$lBLL01$h1736
=CAT  \\$a12274$b40$c20140612$lBLL01$h1624
=CAT  \\$aW1711-1225$c20171203$lBLL01$h1055
=FIN  \\$aY$d20140212
=STA  \\$aSUPPRESSED$bunable to determine reason for suppression
=LAS  \\$aW1711-1225$b00$c20171203$lBLL01$h1055

