=LDR  01739 cm a2200481 i 4500
=001  016601915
=003  Uk
=005  20140612162402.0
=006  m\\\\|\\\z\|\\\\\\
=007  cr\|||||||||||
=008  140113s2009\\\\enkzza\\o\\\\\\n\\\\zxx\\
=FMT  \\$a  MU
=040  \\$aUk$beng$cUk$erda
=041  0\$geng
=042  \\$aukblsr
=082  04$a785.71971723$223
=100  1\$aHinton, Alistair,$ecomposer.
=245  10$aHeiligenachtstraum /$cAlistair Hinton, 13 December 1985.
=246  36$aHeilige Nachtstraum
=264  \1$a[Bath] :$b[Sorabji Archive],$c[2009?]
=300  \\$a1 online resource (1 score (11 pages)) :$bPDF
=336  \\$anotated music$2rdacontent
=337  \\$acomputer$2rdamedia
=338  \\$aonline resource$2rdacarrier
=500  \\$aFor 3 violins, viola, 2 cellos and double bass.
=500  \\$aBased on the Christmas carol "Stille Nacht" by F.X. Gruber.
=546  \\$bStaff notation.
=500  \\$aReproduced from holograph.
=500  \\$aIncludes composer's note.
=600  10$aHinton, Alistair$vManuscripts$vFacsimiles.
=650  \0$aString septets (Violins (3), viola, cellos (2), double bass)$vScores.
=650  \0$aChristmas music.
=650  \0$aMusic$vManuscripts$vFacsimiles.
=700  1\$aGruber, Franz Xaver,$d1787-1863.$tStille Nacht, heilige Nacht.
=852  42$aBritish Library$bMUSIC$jDigital store
=CAT  \\$a12664$b40$c20140113$lBLL01$h1420
=CAT  \\$a12274$b40$c20140203$lBLL01$h1500
=CAT  \\$a11814$b40$c20140212$lBLL01$h1642
=CAT  \\$a12274$b40$c20140612$lBLL01$h1624
=CAT  \\$aW1711-1225$c20171203$lBLL01$h1055
=FIN  \\$aY$d20140212
=STA  \\$aSUPPRESSED$bunable to determine reason for suppression
=LAS  \\$aW1711-1225$b00$c20171203$lBLL01$h1055

