=LDR  01703 cm a2200493 i 4500
=001  016601922
=003  Uk
=005  20140612162726.0
=006  m\\\\|\\\z\|\\\\\\
=007  cr\|||||||||||
=008  140113t20092001enkzza\\oh\\\\\n\\\\zxx\\
=FMT  \\$a  MU
=040  \\$aUk$beng$cUk$erda
=041  0\$geng
=042  \\$aukblsr
=082  04$a785.7192$223
=100  1\$aHinton, Alistair,$ecomposer.
=240  10$aDuets,$mviolin, cello,$nop. 42
=245  10$aDuo, op. 42 :$bfor violin and 'cello (2001) /$c[Alistair Hinton].
=246  36$aDuo, for violin and 'cello
=264  \1$a[Bath] :$b[Sorabji Archive],$c[2009?]
=264  \4$c©2001
=300  \\$a1 online resource (1 score (47 pages)) :$bPDF
=336  \\$anotated music$2rdacontent
=337  \\$acomputer$2rdamedia
=338  \\$aonline resource$2rdacarrier
=500  \\$a"To my greatly esteemed friend and colleague Jagdish Mistry".
=546  \\$bStaff notation.
=500  \\$aReproduced from holograph.
=500  \\$aIncludes composer's note.
=600  10$aHinton, Alistair$vManuscripts$vFacsimiles.
=650  \0$aViolin and cello music$vScores.
=650  \0$aMusic$vManuscripts$vFacsimiles.
=700  1\$aMistry, Jagdish,$ededicatee.
=852  42$aBritish Library$bMUSIC$jDigital store
=CAT  \\$a12664$b40$c20140113$lBLL01$h1424
=CAT  \\$a12664$b40$c20140113$lBLL01$h1438
=CAT  \\$a12274$b40$c20140203$lBLL01$h1500
=CAT  \\$a11814$b40$c20140212$lBLL01$h1524
=CAT  \\$a12274$b40$c20140612$lBLL01$h1627
=CAT  \\$aW1711-1225$c20171203$lBLL01$h1055
=FIN  \\$aY$d20140212
=STA  \\$aSUPPRESSED$bunable to determine reason for suppression
=LAS  \\$aW1711-1225$b00$c20171203$lBLL01$h1055

