=LDR  01769 cm a2200517 i 4500
=001  016601930
=003  Uk
=005  20140212150346.0
=006  m\\\\|\\\z\|\\\\\\
=007  cr\|||||||||||
=008  140113t20092003enkzza\\o\\\\\\n\\\\zxx\\
=FMT  \\$a  MU
=040  \\$aUk$beng$cUk$erda
=041  0\$geng
=042  \\$aukblsr
=082  04$a788.975$223
=100  1\$aHinton, Alistair,$ecomposer.
=245  10$aConte fantastique :$bop. 36 (1999) /$c[Alistair Hinton].
=264  \1$a[Bath] :$b[Sorabji Archive],$c[2009?]
=264  \4$c©2003
=300  \\$a1 online resource (1 score (16 pages)) :$bPDF
=336  \\$anotated music$2rdacontent
=337  \\$acomputer$2rdamedia
=338  \\$aonline resource$2rdacarrier
=500  \\$aFor euphonium and piano.
=546  \\$bStaff notation.
=500  \\$aReproduced from holograph.
=500  \\$aIncludes composer's programme note.
=500  \\$aTitle from PDF caption.
=500  \\$aPDF viewed on 12 February 2014.
=600  10$aHinton, Alistair$vManuscripts$vFacsimiles.
=650  \0$aEuphonium and piano music$vScores.
=650  \0$aMusic$vManuscripts$vFacsimiles.
=852  42$aBritish Library$bMUSIC$jDigital store
=CAT  \\$a12664$b40$c20140113$lBLL01$h1427
=CAT  \\$a12664$b40$c20140113$lBLL01$h1430
=CAT  \\$a12664$b40$c20140113$lBLL01$h1438
=CAT  \\$a12274$b40$c20140203$lBLL01$h1500
=CAT  \\$a11814$b40$c20140212$lBLL01$h1441
=CAT  \\$a11814$b40$c20140212$lBLL01$h1449
=CAT  \\$a11814$b40$c20140212$lBLL01$h1451
=CAT  \\$a11814$b40$c20140212$lBLL01$h1503
=CAT  \\$aW1711-1225$c20171203$lBLL01$h1055
=FIN  \\$aY$d20140212
=STA  \\$aSUPPRESSED$bunable to determine reason for suppression
=LAS  \\$aW1711-1225$b00$c20171203$lBLL01$h1055

