=LDR  02018 cm a2200553 i 4500
=001  016601971
=003  Uk
=005  20140612162700.0
=006  m\\\\\\\\z\\||||||
=007  cr\|||||||||||
=008  140113t20092001enkzza\\oh\\\\\n\\\\zxx\\
=FMT  \\$a  MU
=040  \\$aUk$beng$cUk$erda
=041  0\$geng
=042  \\$aukblsr
=082  04$a785.7192$223
=100  1\$aHinton, Alistair,$ecomposer.
=245  10$aAprès une lecture de Liszt :$bfor viola and double bass, op. 43 /$c[Alistair Hinton].
=264  \1$a[Bath] :$b[Sorabji Archive],$c[2009?]
=264  \4$c©2001
=300  \\$a1 online resource (1 score (32 pages of music)) :$bPDF
=336  \\$anotated music$2rdacontent
=337  \\$acomputer$2rdamedia
=338  \\$aonline resource$2rdacarrier
=546  \\$bStaff notation.
=500  \\$aReproduced from holograph.
=500  \\$aIncludes composer's programme note.
=500  \\$aBased on Liszt's Réminiscences de Norma.
=500  \\$aDedicated to Levine Andrade and Corrado Canonici.
=600  10$aHinton, Alistair$vManuscripts$vFacsimiles.
=650  \0$aViola and double bass music.
=650  \0$aMusic$vManuscripts$vFacsimiles.
=700  1\$aLiszt, Franz,$d1811-1886.$tRéminiscences de Norma.
=700  1\$aAndrade, Levine,$ededicatee.
=700  1\$aCanonici, Corrado,$ededicatee.
=852  42$aBritish Library$bMUSIC$jDigital store
=CAT  \\$a12664$b40$c20140113$lBLL01$h1447
=CAT  \\$a13932$b40$c20140203$lBLL01$h1445
=CAT  \\$a11814$b40$c20140212$lBLL01$h1257
=CAT  \\$a11814$b40$c20140212$lBLL01$h1259
=CAT  \\$a11814$b40$c20140212$lBLL01$h1300
=CAT  \\$a13932$b40$c20140326$lBLL01$h1008
=CAT  \\$a12274$b40$c20140612$lBLL01$h1627
=CAT  \\$aBATCH-UPD$b40$c20140829$lBLL01$h2056
=CAT  \\$aBATCH-UPD$b40$c20150226$lBLL01$h2138
=CAT  \\$aW1711-1225$c20171203$lBLL01$h1055
=FIN  \\$aY$d20140203
=STA  \\$aSUPPRESSED$bunable to determine reason for suppression
=LAS  \\$aW1711-1225$b00$c20171203$lBLL01$h1055

