=LDR  01947 cm a2200541 i 4500
=001  016601980
=003  Uk
=005  20141230174249.0
=006  m\\\\|\\\z\|\\\\\\
=007  cr\|||||||||||
=008  140113t20092005enkzzl\\ohi\\\\n\\\\zxx\\
=FMT  \\$a  MU
=040  \\$aUk$beng$cUk$erda
=041  0\$geng
=042  \\$aukblsr
=082  04$a787.21587$223
=100  1\$aHinton, Alistair,$ecomposer.
=245  12$aA bouquet for DavidandJenifer :$bfor violin solo, op. 46 /$c[Alistair Hinton].
=246  3\$aBouquet for David and Jenifer
=264  \1$a[Bath] :$b[Sorabji Archive],$c[2009?]
=264  \4$c©2005
=300  \\$a1 online resource (1 score (4 pages)) :$bPDF
=336  \\$anotated music$2rdacontent
=337  \\$acomputer$2rdamedia
=338  \\$aonline resource$2rdacarrier
=500  \\$a"To my two dear friends David Matthews and Jenifer Wakelyn on the occasion of their midsummer(ish) marriage".
=546  \\$bStaff notation.
=500  \\$aReproduced from holograph.
=500  \\$aIncludes composer's programme note.
=600  10$aHinton, Alistair$vManuscripts$vFacsimiles.
=650  \0$aViolin music.
=650  \0$aWedding music.
=650  \0$aMusic$vManuscripts$vFacsimiles.
=700  1\$aMatthews, David,$d1943-$ededicatee.
=700  1\$aWakelyn, Jenifer,$ededicatee.
=852  42$aBritish Library$bMUSIC$jDigital store
=CAT  \\$a12664$b40$c20140113$lBLL01$h1451
=CAT  \\$a12274$b40$c20140203$lBLL01$h1458
=CAT  \\$a11814$b40$c20140212$lBLL01$h1221
=CAT  \\$a11814$b40$c20140212$lBLL01$h1240
=CAT  \\$a11814$b40$c20140212$lBLL01$h1300
=CAT  \\$a12274$b40$c20140612$lBLL01$h1626
=CAT  \\$a13932$b40$c20141230$lBLL01$h1742
=CAT  \\$aBATCH-UPD$b40$c20150226$lBLL01$h2138
=CAT  \\$aW1711-1225$c20171203$lBLL01$h1055
=FIN  \\$aY$d20140212
=STA  \\$aSUPPRESSED$bunable to determine reason for suppression
=LAS  \\$aW1711-1225$b00$c20171203$lBLL01$h1055

