=LDR  01357 cm a2200409 i 4500
=001  016602912
=003  Uk
=005  20140612155705.0
=006  m\\\\|\\\z\|\\\\\\
=007  cr\|||||||||||
=008  140114s2011\\\\enksya\\o\\\\\\n\\\\zxx\\
=FMT  \\$a  MU
=040  \\$aUk$beng$cUk$erda
=042  \\$aukblsr
=082  04$a784.2184$223
=100  1\$aHinton, Alistair,$ecomposer.
=240  10$aSinfonietta,$nop. 34
=245  10$aSinfonietta :$bop. 34 (1997) /$cAlistair Hinton.
=264  \1$a[Bath] :$b[Sorabji Archive],$c[2011?]
=300  \\$a1 online resource (1 score (51 pages)) :$bPDF
=336  \\$anotated music$2rdacontent
=337  \\$acomputer$2rdamedia
=338  \\$aonline resource$2rdacarrier
=500  \\$aWork composed 1997.
=546  \\$bStaff notation.
=600  10$aHinton, Alistair$vManuscripts$vFacsimiles.
=650  \0$aSymphonies$vScores.
=650  \0$aMusic$vManuscripts$vFacsimiles.
=852  41$aBritish Library$bMUSIC$jDigital store
=CAT  \\$a12664$b40$c20140114$lBLL01$h1639
=CAT  \\$a12274$b40$c20140203$lBLL01$h1512
=CAT  \\$a12274$b40$c20140210$lBLL01$h1530
=CAT  \\$a12274$b40$c20140612$lBLL01$h1557
=CAT  \\$aW1711-1225$c20171203$lBLL01$h1055
=FIN  \\$aY$d20140210
=STA  \\$aSUPPRESSED$bunable to determine reason for suppression
=LAS  \\$aW1711-1225$b00$c20171203$lBLL01$h1055

