=LDR  01794 cm a2200505 i 4500
=001  016602920
=003  Uk
=005  20140314152015.0
=006  m\\\\|\\\z\|\\\\\\
=007  cr\|||||||||||
=008  140114s2009\\\\enkzzl\\o\\\\\\n\\\\zxx\\
=FMT  \\$a  MU
=040  \\$aUk$beng$cUk$erda
=042  \\$aukblsr
=082  04$a786.5$223
=100  1\$aHinton, Alistair,$ecomposer.
=245  10$aAmatory offertory :$b(the Revelation at Saint John the Divine) /$c[Alistair Hinton].
=246  3\$aRevelation at Saint John the Divine
=264  \1$a[Bath] :$b[Sorabji Archive],$c2009
=300  \\$a1 online resource (1 score (6 pages)) :$bPDF
=336  \\$anotated music$2rdacontent
=337  \\$acomputer$2rdamedia
=338  \\$aonline resource$2rdacarrier
=500  \\$aFor organ.
=500  \\$aWork composed in 1990.
=546  \\$bStaff notation.
=500  \\$aReproduced from holograph.
=500  \\$a"For Donna and Chris"--caption.
=500  \\$a"... to my two friends ... e duobus unus... sempre con amore"--page 6.
=500  \\$aTitle from PDF caption title.
=500  \\$aPDF viewed on 10 February 2014.
=650  \0$aOrgan music.
=600  10$aHinton, Alistair$vManuscripts$vFacsimiles.
=650  \0$aMusic$vManuscripts$vFacsimiles.
=852  41$aBritish Library$bMUSIC$jDigital store
=CAT  \\$a12664$b40$c20140114$lBLL01$h1645
=CAT  \\$a12274$b40$c20140203$lBLL01$h1512
=CAT  \\$a12274$b40$c20140210$lBLL01$h1729
=CAT  \\$a12274$b40$c20140210$lBLL01$h1730
=CAT  \\$a12274$b40$c20140210$lBLL01$h1731
=CAT  \\$a12274$b40$c20140314$lBLL01$h1520
=CAT  \\$aW1711-1225$c20171203$lBLL01$h1055
=FIN  \\$aY$d20140210
=STA  \\$aSUPPRESSED$bunable to determine reason for suppression
=LAS  \\$aW1711-1225$b00$c20171203$lBLL01$h1055

