=LDR  01533 cm a2200445 i 4500
=001  016604775
=003  Uk
=005  20140612162618.0
=006  m\\\\|\\\z\|\\\\\\
=007  cr\|||||||||||
=008  140115s2009\\\\enkzzl\\o\\\\\\n\\\\zxx\\
=FMT  \\$a  MU
=040  \\$aUk$beng$cUk$erda
=042  \\$aukblsr
=082  04$a786.5$223
=100  1\$aHinton, Alistair,$ecomposer.
=245  10$aPansophiæ for John Ogdon :$bfor organ solo (1990) /$cAlistair Hinton.
=264  \1$a[Bath] :$b[Sorabji Music Archive],$c2009
=300  \\$a1 online resource (1 score (48 pages)) :$bPDF
=336  \\$anotated music$2rdacontent
=337  \\$acomputer$2rdamedia
=338  \\$aonline resource$2rdacarrier
=500  \\$aWork composed in 1990.
=546  \\$bStaff notation.
=500  \\$aIncludes preface by the composer.
=500  \\$aReproduced from holograph.
=600  10$aHinton, Alistair$vManuscripts$vFacsimiles.
=650  \0$aOrgan music.
=650  \0$aMusic$vManuscripts$vFacsimiles.
=700  1\$aOgdon, John,$d1937-1989,$ededicatee.
=852  41$aBritish Library$bMUSIC$jDigital store
=CAT  \\$a12664$b40$c20140115$lBLL01$h1144
=CAT  \\$a12274$b40$c20140203$lBLL01$h1513
=CAT  \\$a12274$b40$c20140211$lBLL01$h1709
=CAT  \\$a12274$b40$c20140314$lBLL01$h1519
=CAT  \\$a12274$b40$c20140612$lBLL01$h1626
=CAT  \\$aW1711-1225$c20171203$lBLL01$h1055
=FIN  \\$aY$d20140211
=STA  \\$aSUPPRESSED$bunable to determine reason for suppression
=LAS  \\$aW1711-1225$b00$c20171203$lBLL01$h1055

