=LDR  01889 cm a2200505 i 4500
=001  016604785
=003  Uk
=005  20140612163637.0
=006  m\\\\|\\\z\|\\\\\\
=007  cr\|||||||||||
=008  140115s1998\\\\enkzza\\oh\\\\\n\\\\zxx\\
=FMT  \\$a  MU
=040  \\$aUk$beng$cUk$erda
=042  \\$aukblsr
=082  04$a786.2$223
=100  1\$aHinton, Alistair,$ecomposer.
=245  10$a'Cabaraphrase' :$bon themes from the musical play 'Cabaret' by John Kander : for solo piano : (1978) /$cAlistair Hinton.
=264  \1$a[Bath] :$b[Sorabji Music Archive],$c1998.
=300  \\$a1 online resource (1 score (22 pages)) :$bPDF
=336  \\$anotated music$2rdacontent
=337  \\$acomputer$2rdamedia
=338  \\$aonline resource$2rdacarrier
=546  \\$bStaff notation.
=500  \\$aDedicated to Nell Rhoden and other members of the Bristol Old-Vic.
=650  \0$aMusic$vManuscripts$vFacsimiles.
=600  10$aHinton, Alistair$vManuscripts$vFacsimiles.
=700  1\$aKander, John.$tCabaret.
=852  41$aBritish Library$bMUSIC$jDigital store
=CAT  \\$a12664$b40$c20140115$lBLL01$h1153
=CAT  \\$a12274$b40$c20140203$lBLL01$h1514
=CAT  \\$a13932$b40$c20140318$lBLL01$h1703
=CAT  \\$a13932$b40$c20140318$lBLL01$h1705
=CAT  \\$a13932$b40$c20140318$lBLL01$h1706
=CAT  \\$a13932$b40$c20140318$lBLL01$h1708
=CAT  \\$a13932$b40$c20140318$lBLL01$h1709
=CAT  \\$a13932$b40$c20140318$lBLL01$h1738
=CAT  \\$a13932$b40$c20140325$lBLL01$h1044
=CAT  \\$a13932$b40$c20140326$lBLL01$h1006
=CAT  \\$a12274$b40$c20140328$lBLL01$h1050
=CAT  \\$a12274$b40$c20140612$lBLL01$h1636
=CAT  \\$aBATCH-UPD$b40$c20150226$lBLL01$h2138
=CAT  \\$aW1711-1225$c20171203$lBLL01$h1055
=FIN  \\$aY$d20140318
=STA  \\$aSUPPRESSED$bunable to determine reason for suppression
=LAS  \\$aW1711-1225$b00$c20171203$lBLL01$h1055

