=LDR  02303 cm a2200565 i 4500
=001  016604791
=003  Uk
=005  20140612163629.0
=006  m\\\\|\\\z\|\\\\\\
=007  cr\|||||||||||
=008  140115s1998\\\\enkzza\\\\\\\\\n\\\\zxx\\
=FMT  \\$a  MU
=040  \\$aUk$beng$cUk$erda
=042  \\$aukblsr
=082  04$a786.2186$223
=100  1\$aHinton, Alistair,$ecomposer.
=245  10$aCadenza to Concerto no. 3 for piano and orchestra :$bN. Medtner /$cAlistair Hinton.
=264  \1$a[Bath] :$b[Sorabji Music Archive],$c1998.
=300  \\$a1 online resource (1 score (10 pages)) :$bPDF
=336  \\$anotated music$2rdacontent
=337  \\$acomputer$2rdamedia
=338  \\$aonline resource$2rdacarrier
=546  \\$bStaff notation.
=500  \\$a"This cadenza is intended as an elaboration of the composer's own 'Quasi cadenza' passage which begins at figure 54 in the composer's two-piano reduction as published by Zimmerman (ZM803, 1951"--Composer's note.)
=600  10$aHinton, Alistair$vManuscripts$vFacsimiles.
=650  \0$aPiano music$vScores.
=650  \0$aMusic$vManuscripts$vFacsimiles.
=700  1\$aMedtner, Nikolay Karlovich,$d1880-1951.$tConcertos,$mpiano, orchestra,$nno. 3, op. 60,$rE minor.
=852  41$aBritish Library$bMUSIC$jDigital store
=CAT  \\$a12664$b40$c20140115$lBLL01$h1158
=CAT  \\$a12664$b40$c20140115$lBLL01$h1200
=CAT  \\$a12274$b40$c20140203$lBLL01$h1514
=CAT  \\$a13932$b40$c20140318$lBLL01$h1736
=CAT  \\$a13932$b40$c20140318$lBLL01$h1738
=CAT  \\$a13932$b40$c20140318$lBLL01$h1739
=CAT  \\$a13932$b40$c20140318$lBLL01$h1740
=CAT  \\$a13932$b40$c20140318$lBLL01$h1742
=CAT  \\$a13932$b40$c20140320$lBLL01$h1002
=CAT  \\$a13932$b40$c20140320$lBLL01$h1003
=CAT  \\$a13932$b40$c20140320$lBLL01$h1005
=CAT  \\$a13932$b40$c20140320$lBLL01$h1137
=CAT  \\$a13932$b40$c20140325$lBLL01$h1101
=CAT  \\$a13932$b40$c20140326$lBLL01$h1005
=CAT  \\$a12274$b40$c20140328$lBLL01$h1051
=CAT  \\$a12274$b40$c20140507$lBLL01$h0911
=CAT  \\$a12274$b40$c20140612$lBLL01$h1636
=CAT  \\$aW1711-1225$c20171203$lBLL01$h1055
=FIN  \\$aY$d20140318
=STA  \\$aSUPPRESSED$bunable to determine reason for suppression
=LAS  \\$aW1711-1225$b00$c20171203$lBLL01$h1055

