=LDR  02522 cm a2200685 i 4500
=001  016604800
=003  Uk
=005  20140612163243.0
=006  m\\\\|\\\z\|\\\\\\
=007  cr\|||||||||||
=008  140115s2004\\\\enksta\\\h\\\\\n\\\\zxx\\
=FMT  \\$a  MU
=028  22$aA.H.26$bSimon J. Abrahams
=040  \\$aUk$beng$cUk$erda
=042  \\$aukblsr
=082  04$a786.218949$223
=100  1\$aHinton, Alistair,$ecomposer.
=245  10$aÉtude en forme de Chopin :$bfor piano solo : op. 26 /$cAlistair Hinton.
=250  \\$aSimon J. Abrahams Edition.
=264  \1$a[Bath] :$b[Sorabji Music Archive],$c2004.
=300  \\$a1 online resource (1 score (22 pages)) :$bPDF
=336  \\$anotated music$2rdacontent
=337  \\$acomputer$2rdamedia
=338  \\$aonline resource$2rdacarrier
=500  \\$aIncludes composer's programme note.
=546  \\$bStaff notation.
=500  \\$aDedicated to Marc-André Hamelin.
=500  \\$aIncludes composer's note.
=650  \0$aMusic$vScores$vFacsimiles.
=650  \0$aPiano music$vScores.
=600  10$aHinton, Alistair$vScores$vFacsimiles.
=700  1\$aChopin, Frédéric,$d1810-1849.
=700  1\$aHamelin, Marc-André,$d1961-
=852  41$aBritish Library$bMUSIC$jDigital store
=CAT  \\$a12664$b40$c20140115$lBLL01$h1205
=CAT  \\$a12274$b40$c20140203$lBLL01$h1514
=CAT  \\$a13932$b40$c20140320$lBLL01$h1047
=CAT  \\$a13932$b40$c20140320$lBLL01$h1048
=CAT  \\$a13932$b40$c20140320$lBLL01$h1049
=CAT  \\$a13932$b40$c20140320$lBLL01$h1051
=CAT  \\$a13932$b40$c20140320$lBLL01$h1053
=CAT  \\$a13932$b40$c20140320$lBLL01$h1106
=CAT  \\$a13932$b40$c20140320$lBLL01$h1107
=CAT  \\$a13932$b40$c20140320$lBLL01$h1114
=CAT  \\$a13932$b40$c20140320$lBLL01$h1121
=CAT  \\$a13932$b40$c20140320$lBLL01$h1637
=CAT  \\$a13932$b40$c20140325$lBLL01$h1152
=CAT  \\$a13932$b40$c20140325$lBLL01$h1153
=CAT  \\$a13932$b40$c20140325$lBLL01$h1206
=CAT  \\$a13932$b40$c20140325$lBLL01$h1227
=CAT  \\$a13932$b40$c20140326$lBLL01$h1001
=CAT  \\$a13932$b40$c20140326$lBLL01$h1008
=CAT  \\$a12274$b40$c20140328$lBLL01$h1029
=CAT  \\$a12274$b40$c20140612$lBLL01$h1632
=CAT  \\$aBATCH-UPD$b40$c20140927$lBLL01$h1754
=CAT  \\$aBATCH-UPD$b40$c20150226$lBLL01$h2138
=CAT  \\$aW1711-1225$c20171203$lBLL01$h1055
=FIN  \\$aY$d20140320
=STA  \\$aSUPPRESSED$bunable to determine reason for suppression
=LAS  \\$aW1711-1225$b00$c20171203$lBLL01$h1055

