=LDR  01955 cm a2200541 i 4500
=001  016604803
=003  Uk
=005  20140612163735.0
=006  m\\\\|\\\z\|\\\\\\
=007  cr\|||||||||||
=008  140115s1992\\\\enksta\\\h\\\\\n\\\\zxx\\
=FMT  \\$a  MU
=040  \\$aUk$beng$cUk$erda
=042  \\$aukblsr
=082  04$a786.218949$223
=100  1\$aHinton, Alistair,$ecomposer.
=245  10$aÉtude en forme de Chopin :$bOp. 26 (1992) /$cAlistair Hinton.
=264  \1$a[Bath] :$b[Sorabji Music Archive],$c1992.
=300  \\$a1 online resource (1 scores (16 pages)) :$bPDF
=336  \\$anotated music$2rdacontent
=337  \\$acomputer$2rdamedia
=338  \\$aonline resource$2rdacarrier
=546  \\$bStaff notation.
=500  \\$aIncludes composer's programme note.
=500  \\$aDedicated to Marc-André Hamelin.
=600  10$aHinton, Alistair$vManuscripts$vFacsimiles.
=650  \0$aPiano music$vScores.
=650  \0$aMusic$vManuscripts$vFacsimiles.
=700  1\$aChopin, Frédéric,$d1810-1849.
=700  1\$aHamelin, Marc-André,$d1961-
=852  41$aBritish Library$bMUSIC$jDigital store
=CAT  \\$a12664$b40$c20140115$lBLL01$h1207
=CAT  \\$a12274$b40$c20140203$lBLL01$h1515
=CAT  \\$a13932$b40$c20140320$lBLL01$h1105
=CAT  \\$a13932$b40$c20140320$lBLL01$h1110
=CAT  \\$a13932$b40$c20140320$lBLL01$h1111
=CAT  \\$a13932$b40$c20140320$lBLL01$h1121
=CAT  \\$a13932$b40$c20140325$lBLL01$h1220
=CAT  \\$a13932$b40$c20140325$lBLL01$h1227
=CAT  \\$a13932$b40$c20140326$lBLL01$h1004
=CAT  \\$a12274$b40$c20140328$lBLL01$h1053
=CAT  \\$a12274$b40$c20140612$lBLL01$h1637
=CAT  \\$aBATCH-UPD$b40$c20140927$lBLL01$h1754
=CAT  \\$aBATCH-UPD$b40$c20150226$lBLL01$h2138
=CAT  \\$aW1711-1225$c20171203$lBLL01$h1055
=FIN  \\$aY$d20140320
=STA  \\$aSUPPRESSED$bunable to determine reason for suppression
=LAS  \\$aW1711-1225$b00$c20171203$lBLL01$h1055

