=LDR  01868 cm a2200505 i 4500
=001  016604846
=003  Uk
=005  20140612163348.0
=006  m\\\\|\\\z\|\\\\\\
=007  cr\|||||||||||
=008  140115s2001\\\\enkzza\\\h\\\\\n\\\\zxx\\
=FMT  \\$a  MU
=040  \\$aUk$beng$cUk$erda
=042  \\$aukblsr
=082  04$a786.21894$223
=100  1\$aHinton, Alistair,$ecomposer.
=245  10$aFantasiettina Crittogrammatica :$bOp. 25 (1992) /$cAlistair Hinton.
=264  \1$a[Bath] :$b[Sorabji Music Archive],$c2001.
=300  \\$a1 online resource (1 score (6 pages)) :$bPDF
=336  \\$anotated music$2rdacontent
=337  \\$acomputer$2rdamedia
=338  \\$aonline resource$2rdacarrier
=500  \\$aIncludes composer's programme note.
=546  \\$bStaff notation.
=500  \\$aWritten as the opening work in "A New Hexameron: A Centenary handsel for Hugh MacDiarmid".
=600  10$aHinton, Alistair$vManuscripts$vFacsimiles.
=650  \0$aMusic$vManuscripts$vFacsimiles.
=650  \0$aPiano music$vScores.
=700  1\$aMacDiarmid, Hugh,$d1892-1978,$ededicatee.
=852  41$aBritish Library$bMUSIC$jDigital store
=CAT  \\$a12664$b40$c20140115$lBLL01$h1323
=CAT  \\$a12274$b40$c20140203$lBLL01$h1515
=CAT  \\$a13932$b40$c20140320$lBLL01$h1210
=CAT  \\$a13932$b40$c20140320$lBLL01$h1212
=CAT  \\$a13932$b40$c20140325$lBLL01$h1234
=CAT  \\$a13932$b40$c20140325$lBLL01$h1242
=CAT  \\$a13932$b40$c20140325$lBLL01$h1244
=CAT  \\$a13932$b40$c20140326$lBLL01$h1002
=CAT  \\$a13932$b40$c20140326$lBLL01$h1007
=CAT  \\$a12274$b40$c20140328$lBLL01$h1030
=CAT  \\$a12274$b40$c20140612$lBLL01$h1633
=CAT  \\$aW1711-1225$c20171203$lBLL01$h1055
=FIN  \\$aY$d20140320
=STA  \\$aSUPPRESSED$bunable to determine reason for suppression
=LAS  \\$aW1711-1225$b00$c20171203$lBLL01$h1055

