=LDR  01822 cm a2200505 i 4500
=001  016604876
=003  Uk
=005  20140612163431.0
=006  m\\\\|\\\z\|\\\\\\
=007  cr\|||||||||||
=008  140115s1999\\\\enksua\\\h\\\\\n\\\\zxx\\
=FMT  \\$a  MU
=040  \\$aUk$beng$cUk$erda
=042  \\$aukblsr
=082  04$a786.21858$223
=100  1\$aHinton, Alistair,$ecomposer.
=245  10$aLittle Suite :$b(six easy pieces) : for solo piano /$cAlistair Hinton.
=264  \1$a[Bath] :$b[Sorabji Music Archive],$c1999.
=300  \\$a1 online resource (1 score (12 pages of music)) :$bPDF
=336  \\$anotated music$2rdacontent
=337  \\$acomputer$2rdamedia
=338  \\$aonline resource$2rdacarrier
=500  \\$aDuration: 9 min.
=546  \\$bStaff notation.
=505  0\$aPrelude -- Barcarolle -- Rag -- Jig -- Lament -- Finale.
=500  \\$aIncludes composer's programme note.
=650  \0$aPiano music$vScores.
=650  \0$aMusic$vManuscripts$vFacsimiles.
=600  10$aHinton, Alistair$vManuscripts$vFacsimiles.
=852  41$aBritish Library$bMUSIC$jDigital store
=CAT  \\$a12664$b40$c20140115$lBLL01$h1347
=CAT  \\$a12274$b40$c20140203$lBLL01$h1515
=CAT  \\$a13932$b40$c20140320$lBLL01$h1225
=CAT  \\$a13932$b40$c20140320$lBLL01$h1226
=CAT  \\$a13932$b40$c20140320$lBLL01$h1227
=CAT  \\$a13932$b40$c20140320$lBLL01$h1254
=CAT  \\$a13932$b40$c20140320$lBLL01$h1310
=CAT  \\$a13932$b40$c20140325$lBLL01$h1251
=CAT  \\$a13932$b40$c20140326$lBLL01$h1002
=CAT  \\$a13932$b40$c20140326$lBLL01$h1007
=CAT  \\$a12274$b40$c20140612$lBLL01$h1634
=CAT  \\$aW1711-1225$c20171203$lBLL01$h1055
=FIN  \\$aY$d20140320
=STA  \\$aSUPPRESSED$bunable to determine reason for suppression
=LAS  \\$aW1711-1225$b00$c20171203$lBLL01$h1055

