=LDR  01847 cm a2200505 i 4500
=001  016604883
=003  Uk
=005  20140612163443.0
=006  m\\\\|\\\z\|\\\\\\
=007  cr\|||||||||||
=008  140115s1999\\\\enkzza\\\h\\\\\n\\\\zxx\\
=FMT  \\$a  MU
=040  \\$aUk$beng$cUk$erda
=042  \\$aukblsr
=082  04$a786.21894$223
=100  1\$aHinton, Alistair,$ecomposer.
=245  10$aMorceau D'Anniversaire for piano solo :$b(for Kaikhosru Sorabji) : (1974) /$cAlistair Hinton.
=264  \1$a[Bath] :$b[Sorabji Music Archive],$c1999.
=300  \\$a1 online resource (1 score (3 pages)) :$bPDF
=336  \\$anotated music$2rdacontent
=337  \\$acomputer$2rdamedia
=338  \\$aonline resource$2rdacarrier
=546  \\$bStaff notation.
=500  \\$aIncludes composer's programme note.
=600  10$aHinton, Alistair$vManuscripts$vFacsimiles.
=650  \0$aPiano music$vScores.
=650  \0$aMusic$vManuscripts$vFacsimiles.
=700  1\$aSorabji, Kaikhosru Shapurji,$d1892-1988,$ededicatee.
=852  41$aBritish Library$bMUSIC$jDigital store
=CAT  \\$a12664$b40$c20140115$lBLL01$h1350
=CAT  \\$a12274$b40$c20140203$lBLL01$h1516
=CAT  \\$a13932$b40$c20140320$lBLL01$h1326
=CAT  \\$a13932$b40$c20140320$lBLL01$h1330
=CAT  \\$a13932$b40$c20140320$lBLL01$h1331
=CAT  \\$a13932$b40$c20140320$lBLL01$h1355
=CAT  \\$a13932$b40$c20140325$lBLL01$h1256
=CAT  \\$a13932$b40$c20140325$lBLL01$h1257
=CAT  \\$a13932$b40$c20140326$lBLL01$h1003
=CAT  \\$a13932$b40$c20140326$lBLL01$h1006
=CAT  \\$a12274$b40$c20140328$lBLL01$h1034
=CAT  \\$a12274$b40$c20140612$lBLL01$h1634
=CAT  \\$aW1711-1225$c20171203$lBLL01$h1055
=FIN  \\$aY$d20140320
=STA  \\$aSUPPRESSED$bunable to determine reason for suppression
=LAS  \\$aW1711-1225$b00$c20171203$lBLL01$h1055

