=LDR  01822 cm a2200517 i 4500
=001  016604902
=003  Uk
=005  20140612163535.0
=006  m\\\\|\\\z\|\\\\\\
=007  cr\|||||||||||
=008  140115s1998\\\\enksna\\\h\\\\\n\\\\zxx\\
=FMT  \\$a  MU
=040  \\$aUk$beng$cUk$erda
=042  \\$aukblsr
=082  04$a786.2183$223
=100  1\$aHinton, Alistair,$ecomposer.
=240  10$aSonatas,$mpiano,$nno. 1, op. 1
=245  10$aPiano Sonata No.1 :$bOp. 1 (1962) /$cAlistair Hinton.
=250  \\$aRevised edition.
=264  \1$a[Bath] :$b[Sorabji Music Archive],$c1998.
=300  \\$a1 online resource (1 score (12 pages)) :$bPDF
=336  \\$anotated music$2rdacontent
=337  \\$acomputer$2rdamedia
=338  \\$aonline resource$2rdacarrier
=500  \\$aIncludes composer's programme note.
=546  \\$bStaff notation.
=650  \0$aSonatas (Piano)$vScores.
=650  \0$aMusic$vManuscripts$vFacsimiles.
=600  10$aHinton, Alistair$vManuscripts$vFacsimiles.
=852  41$aBritish Library$bMUSIC$jDigital store
=CAT  \\$a12664$b40$c20140115$lBLL01$h1407
=CAT  \\$a12274$b40$c20140203$lBLL01$h1517
=CAT  \\$a13932$b40$c20140321$lBLL01$h1225
=CAT  \\$a13932$b40$c20140321$lBLL01$h1226
=CAT  \\$a13932$b40$c20140321$lBLL01$h1242
=CAT  \\$a13932$b40$c20140321$lBLL01$h1245
=CAT  \\$a13932$b40$c20140325$lBLL01$h1436
=CAT  \\$a13932$b40$c20140325$lBLL01$h1437
=CAT  \\$a13932$b40$c20140326$lBLL01$h1003
=CAT  \\$a13932$b40$c20140326$lBLL01$h1005
=CAT  \\$a12274$b40$c20140328$lBLL01$h1049
=CAT  \\$a12274$b40$c20140612$lBLL01$h1635
=CAT  \\$aW1711-1225$c20171203$lBLL01$h1055
=FIN  \\$aY$d20140321
=STA  \\$aSUPPRESSED$bunable to determine reason for suppression
=LAS  \\$aW1711-1225$b00$c20171203$lBLL01$h1055

