=LDR  01773 cm a2200505 i 4500
=001  016604907
=003  Uk
=005  20140612163121.0
=006  m\\\\|\\\z\|\\\\\\
=007  cr\|||||||||||
=008  140115s2007\\\\enksna\\\\\\\\\n\\\\zxx\\
=FMT  \\$a  MU
=028  22$aA.H. 15$bSimon J. Abrahams
=040  \\$aUk$beng$cUk$erda
=042  \\$aukblsr
=082  04$a786.2183$223
=100  1\$aHinton, Alistair,$ecomposer.
=240  10$aSonatas,$mpiano,$nno. 3, op. 15
=245  10$aPiano Sonata No. 3 :$b(Op. 15, 1978) /$cAlistair Hinton.
=250  \\$aSimon J. Abrahams edition.
=264  \1$a[Bath] :$b[Sorabji Music Archive],$c2007.
=300  \\$a1 online resource (1 score (21 pages of music)) :$bPDF
=336  \\$anotated music$2rdacontent
=337  \\$acomputer$2rdamedia
=338  \\$aonline resource$2rdacarrier
=546  \\$bStaff notation.
=650  \0$aSonatas (Piano)
=650  \0$aMusic$vManuscripts$vFacsimiles.
=600  10$aHinton, Alistair$vManuscripts$vFacsimiles.
=700  1\$aSolomon, Yonty,$ededicatee.
=852  41$aBritish Library$bMUSIC$jDigital store
=CAT  \\$a12664$b40$c20140115$lBLL01$h1413
=CAT  \\$a12664$b40$c20140115$lBLL01$h1415
=CAT  \\$a12664$b40$c20140115$lBLL01$h1422
=CAT  \\$a12274$b40$c20140203$lBLL01$h1516
=CAT  \\$a13932$b40$c20140320$lBLL01$h1700
=CAT  \\$a13932$b40$c20140320$lBLL01$h1701
=CAT  \\$a13932$b40$c20140320$lBLL01$h1722
=CAT  \\$a13932$b40$c20140325$lBLL01$h1329
=CAT  \\$a13932$b40$c20140326$lBLL01$h1008
=CAT  \\$a12274$b40$c20140612$lBLL01$h1631
=CAT  \\$aW1711-1225$c20171203$lBLL01$h1055
=FIN  \\$aY$d20140320
=STA  \\$aSUPPRESSED$bunable to determine reason for suppression
=LAS  \\$aW1711-1225$b00$c20171203$lBLL01$h1055

