=LDR  01930 cm a2200541 i 4500
=001  016604911
=003  Uk
=005  20140612163652.0
=006  m\\\\|\\\z\|\\\\\\
=007  cr\|||||||||||
=008  140115s1998\\\\enksna\\\h\\\\\n\\\\zxx\\
=FMT  \\$a  MU
=040  \\$aUk$beng$cUk$erda
=042  \\$aukblsr
=082  04$a786.2183$223
=100  1\$aHinton, Alistair,$ecomposer.
=240  10$aSonatas,$mpiano,$nno. 3, op. 15
=245  10$aPiano Sonata No. 3 :$bOp. 15 (1978) /$cAlistair Hinton.
=264  \1$a[Bath] :$b[Sorabji Music Archive],$c1998.
=300  \\$a1 online resource (1 score (28 pages)) :$bPDF
=336  \\$anotated music$2rdacontent
=337  \\$acomputer$2rdamedia
=338  \\$aonline resource$2rdacarrier
=546  \\$bStaff notation.
=600  10$aHinton, Alistair$vManuscripts$vFacsimiles.
=650  \0$aSonatas (Piano)$vScores
=650  \0$aMusic$vManuscripts$vFacsimiles.
=700  1\$aSolomon, Yonty,$ededicatee.
=852  41$aBritish Library$bMUSIC$jDigital store
=CAT  \\$a12664$b40$c20140115$lBLL01$h1416
=CAT  \\$a12274$b40$c20140203$lBLL01$h1516
=CAT  \\$a13932$b40$c20140320$lBLL01$h1433
=CAT  \\$a13932$b40$c20140320$lBLL01$h1434
=CAT  \\$a13932$b40$c20140320$lBLL01$h1436
=CAT  \\$a13932$b40$c20140320$lBLL01$h1626
=CAT  \\$a13932$b40$c20140320$lBLL01$h1628
=CAT  \\$a13932$b40$c20140325$lBLL01$h1316
=CAT  \\$a13932$b40$c20140325$lBLL01$h1317
=CAT  \\$a13932$b40$c20140325$lBLL01$h1319
=CAT  \\$a13932$b40$c20140325$lBLL01$h1320
=CAT  \\$a13932$b40$c20140325$lBLL01$h1324
=CAT  \\$a13932$b40$c20140326$lBLL01$h1006
=CAT  \\$a12274$b40$c20140328$lBLL01$h1047
=CAT  \\$a12274$b40$c20140612$lBLL01$h1636
=CAT  \\$aW1711-1225$c20171203$lBLL01$h1055
=FIN  \\$aY$d20140320
=STA  \\$aSUPPRESSED$bunable to determine reason for suppression
=LAS  \\$aW1711-1225$b00$c20171203$lBLL01$h1055

