=LDR  01566 cm a2200457 i 4500
=001  016604926
=003  Uk
=005  20140612163113.0
=006  m\\\\|\\\z\|\\\\\\
=007  cr\|||||||||||
=008  140115s2007\\\\enkzza\\\\\\\\\n\\\\zxx\\
=FMT  \\$a  MU
=028  22$aA.H. 18$bSimon J. Abrahams
=040  \\$aUk$beng$cUk$erda
=042  \\$aukblsr
=082  04$a786.2183$223
=100  1\$aHinton, Alistair,$ecomposer.
=245  10$aPiano Sonata No. 4 :$b"Ballade" : (Op.18, 1978).
=250  \\$aSimon J. Abrahams edition.
=264  \1$a[Bath] :$b[Sorabji Music Archive],$c2007.
=300  \\$a1 online resource (1 score (28 pages of music)) :$bPDF
=336  \\$anotated music$2rdacontent
=337  \\$acomputer$2rdamedia
=338  \\$aonline resource$2rdacarrier
=546  \\$bStaff notation.
=500  \\$aDedicated to Anna Panas.
=600  10$aHinton, Alistair$vScores$vFacsimiles.
=650  \0$aSonatas (Piano)$vScores.
=650  \0$aMusic$vScores$vFacsimiles.
=852  41$aBritish Library$bMUSIC$jDigital store
=CAT  \\$a12664$b40$c20140115$lBLL01$h1423
=CAT  \\$a12274$b40$c20140203$lBLL01$h1516
=CAT  \\$a13932$b40$c20140321$lBLL01$h1143
=CAT  \\$a13932$b40$c20140321$lBLL01$h1333
=CAT  \\$a13932$b40$c20140325$lBLL01$h1336
=CAT  \\$a13932$b40$c20140326$lBLL01$h1008
=CAT  \\$a12274$b40$c20140612$lBLL01$h1631
=CAT  \\$aW1711-1225$c20171203$lBLL01$h1055
=FIN  \\$aY$d20140321
=STA  \\$aSUPPRESSED$bunable to determine reason for suppression
=LAS  \\$aW1711-1225$b00$c20171203$lBLL01$h1055

