=LDR  01930 cm a2200541 i 4500
=001  016608132
=003  Uk
=005  20140612163456.0
=006  m\\\\|\\\z\|\\\\\\
=007  cr\|||||||||||
=008  140122s1999\\\\enkzza\\oh\\\\\n\\\\zxx\\
=FMT  \\$a  MU
=040  \\$aUk$beng$cUk$erda
=041  0\$meng
=042  \\$aukblsr
=082  04$a786.2$223
=100  1\$aHinton, Alistair,$ecomposer.
=245  12$aA birthday paraphase for RS :$bOp. 20 (1980) /$cAlistair Hinton.
=264  \1$a[Bath] :$b[Sorabji Archive],$c1999.
=300  \\$a1 online resource (1 Score (7 pages)) :$bPDF
=336  \\$anotated music$2rdacontent
=337  \\$acomputer$2rdamedia
=338  \\$aonline resource$2rdacarrier
=546  \\$bStaff notation.
=500  \\$aIncludes composer's programme note.
=500  \\$aDedicated to Ronald Stevenson.
=650  \0$aMusic$vManuscripts$vFacsimiles.
=600  10$aHinton, Alistair$vManuscripts$vFacsimiles.
=700  1\$aStevenson, Ronald,$d1928-2015,$ededicatee.
=852  41$aBritish Library$bMUSIC$jDigital store
=CAT  \\$a12664$b40$c20140122$lBLL01$h1543
=CAT  \\$a12664$b40$c20140122$lBLL01$h1544
=CAT  \\$a12664$b40$c20140122$lBLL01$h1556
=CAT  \\$a12274$b40$c20140203$lBLL01$h1513
=CAT  \\$a13932$b40$c20140318$lBLL01$h1611
=CAT  \\$a13932$b40$c20140318$lBLL01$h1612
=CAT  \\$a13932$b40$c20140318$lBLL01$h1614
=CAT  \\$a13932$b40$c20140318$lBLL01$h1634
=CAT  \\$a13932$b40$c20140318$lBLL01$h1710
=CAT  \\$a13932$b40$c20140325$lBLL01$h1035
=CAT  \\$a13932$b40$c20140326$lBLL01$h1007
=CAT  \\$a12274$b40$c20140328$lBLL01$h1035
=CAT  \\$a12274$b40$c20140612$lBLL01$h1634
=CAT  \\$aBATCH-UPD$b40$c20150402$lBLL01$h2139
=CAT  \\$aW1711-1225$c20171203$lBLL01$h1055
=FIN  \\$aY$d20140318
=STA  \\$aSUPPRESSED$bunable to determine reason for suppression
=LAS  \\$aW1711-1225$b00$c20171203$lBLL01$h1055

