=LDR  01763 cm a2200469 i 4500
=001  016608140
=003  Uk
=005  20140612163404.0
=006  m\\\\|\\\z\|\\\\\\
=007  cr\|||||||||||
=008  140122s2001\\\\enkzza\\\h\\\\\n\\\\zxx\\
=FMT  \\$a  MU
=040  \\$aUk$beng$cUk$erda
=042  \\$aukblsr
=082  04$a786.2$223
=100  1\$aRachmaninoff, Sergei,$d1873-1943,$ecomposer.
=245  10$aPiccola fantasiettina canonica for piano :$bOp. 24 (1991) /$ctranscr. Alistair Hinton.
=264  \1$a[Bath] :$b[Sorabji Archive],$c2001.
=300  \\$a1 online resource (1 score (15 pages)) :$bPDF
=336  \\$anotated music$2rdacontent
=337  \\$acomputer$2rdamedia
=338  \\$aonline resource$2rdacarrier
=546  \\$bStaff notation.
=500  \\$aTranscription of Rakhmaninov's song known in English as "What wealth of rapture".
=650  \0$aMusic$vScores$vFacsimiles.
=600  10$aHinton, Alistair$vScores$vFacsimiles.
=700  1\$aRachmaninoff, Sergei,$d1873-1943.
=700  1\$aHinton, Alistair,$ecomposer.
=700  1\$aRachmaninoff, Sergei,$d1873-1943.$tRomansy,$nop. 34.$pKakoe schastʹe.
=852  41$aBritish Library$bMUSIC$jDigital store
=CAT  \\$a12664$b40$c20140122$lBLL01$h1548
=CAT  \\$a12274$b40$c20140203$lBLL01$h1518
=CAT  \\$a13932$b40$c20140321$lBLL01$h1423
=CAT  \\$a13932$b40$c20140321$lBLL01$h1424
=CAT  \\$a13932$b40$c20140325$lBLL01$h1542
=CAT  \\$a13932$b40$c20140325$lBLL01$h1545
=CAT  \\$a12274$b40$c20140328$lBLL01$h1033
=CAT  \\$a12274$b40$c20140612$lBLL01$h1634
=CAT  \\$aW1711-1225$c20171203$lBLL01$h1055
=FIN  \\$aY$d20140321
=STA  \\$aSUPPRESSED$bunable to determine reason for suppression
=LAS  \\$aW1711-1225$b00$c20171203$lBLL01$h1055

