=LDR  02322 cm a2200601 i 4500
=001  016608142
=003  Uk
=005  20140612163414.0
=006  m\\\\|\\\z\|\\\\\\
=007  cr\|||||||||||
=008  140122s2001\\\\enkzza\\\h\\\\\n\\\\zxx\\
=FMT  \\$a  MU
=040  \\$aUk$beng$cUk$erda
=042  \\$aukblsr
=082  04$a786.2$223
=100  1\$aRachmaninoff, Sergei,$d1873-1943,$ecomposer.
=245  10$aPiccola fantasiettina canonica for piano :$bOp 24 (1991) /$ctranscr. Alistair Hinton.
=264  \1$a[Bath] :$b[Sorabji Archive],$c2001.
=300  \\$a1 online resource (1 score (22 pages)) :$bPDF
=336  \\$anotated music$2rdacontent
=337  \\$acomputer$2rdamedia
=338  \\$aonline resource$2rdacarrier
=500  \\$aTranscription of Rakhmaninov's song known in English as "What wealth of rapture".
=500  \\$aIncludes arranger's programme note.
=500  \\$aDedicated to Ronald Stevenson.
=546  \\$bStaff notation.
=650  \0$aPiano music$vScores.
=650  \0$aMusic$vManuscripts$vFacsimiles.
=600  10$aHinton, Alistair$vManuscripts$vFacsimiles.
=700  1\$aHinton, Alistair,$eArranger of music.
=700  1\$aRachmaninoff, Sergei,$d1873-1943.$tRomansy,$nop. 34.$pKakoe schastʹe.
=700  1\$aStevenson, Ronald,$d1928-2015,$ededicatee.
=852  41$aBritish Library$bMUSIC$jDigital store
=CAT  \\$a12664$b40$c20140122$lBLL01$h1550
=CAT  \\$a12274$b40$c20140203$lBLL01$h1518
=CAT  \\$a13932$b40$c20140321$lBLL01$h1433
=CAT  \\$a13932$b40$c20140321$lBLL01$h1434
=CAT  \\$a13932$b40$c20140321$lBLL01$h1435
=CAT  \\$a13932$b40$c20140321$lBLL01$h1437
=CAT  \\$a13932$b40$c20140321$lBLL01$h1441
=CAT  \\$a13932$b40$c20140325$lBLL01$h1456
=CAT  \\$a13932$b40$c20140325$lBLL01$h1506
=CAT  \\$a13932$b40$c20140325$lBLL01$h1508
=CAT  \\$a13932$b40$c20140325$lBLL01$h1510
=CAT  \\$a13932$b40$c20140325$lBLL01$h1512
=CAT  \\$a13932$b40$c20140326$lBLL01$h1002
=CAT  \\$a12274$b40$c20140328$lBLL01$h1032
=CAT  \\$a12274$b40$c20140612$lBLL01$h1634
=CAT  \\$aBATCH-UPD$b40$c20150402$lBLL01$h2139
=CAT  \\$aW1711-1225$c20171203$lBLL01$h1055
=FIN  \\$aY$d20140321
=STA  \\$aSUPPRESSED$bunable to determine reason for suppression
=LAS  \\$aW1711-1225$b00$c20171203$lBLL01$h1055

