=LDR  02363 cm a2200625 i 4500
=001  016608151
=003  Uk
=005  20140612163355.0
=006  m\\\\|\\\z\|\\\\\\
=007  cr\|||||||||||
=008  140122s2001\\\\enkbda\\\\\\\\\n\\\\zxx\\
=FMT  \\$a  MU
=040  \\$aUk$beng$cUk$erda
=042  \\$aukblsr
=082  04$a786.2$223
=100  1\$aHinton, Alistair,$ecomposer.
=245  10$aScottish ballad for piano solo /$cAlistair Hinton (based on "The twa corbies", Francis George Scott).
=250  \\$aRevised edition.
=264  \1$a[Bath] :$b[Sorabji Archive],$c2001.
=300  \\$a1 online resource (1 score (11 pages)) :$bPDF
=336  \\$anotated music$2rdacontent
=337  \\$acomputer$2rdamedia
=338  \\$aonline resource$2rdacarrier
=500  \\$a"Original version completed 01.07.1981. This version completed 13.11.1981".
=546  \\$bStaff notation.
=600  10$aHinton, Alistair$vManuscripts$vFacsimiles.
=650  \0$aPiano music$vScores.
=650  \0$aMusic$vManuscripts$vFacsimiles.
=700  1\$aStevenson, Ronald,$d1928-2015,$ededicatee.
=700  1\$aScott, Francis George,$ecomposer.
=852  41$aBritish Library$bMUSIC$jDigital store
=CAT  \\$a12664$b40$c20140122$lBLL01$h1555
=CAT  \\$a12664$b40$c20140122$lBLL01$h1557
=CAT  \\$a12274$b40$c20140203$lBLL01$h1519
=CAT  \\$a13932$b40$c20140321$lBLL01$h1450
=CAT  \\$a13932$b40$c20140321$lBLL01$h1452
=CAT  \\$a13932$b40$c20140321$lBLL01$h1502
=CAT  \\$a13932$b40$c20140325$lBLL01$h1554
=CAT  \\$a13932$b40$c20140325$lBLL01$h1602
=CAT  \\$a13932$b40$c20140325$lBLL01$h1608
=CAT  \\$a13932$b40$c20140325$lBLL01$h1650
=CAT  \\$a13932$b40$c20140326$lBLL01$h1002
=CAT  \\$a12274$b40$c20140328$lBLL01$h1032
=CAT  \\$a13932$b40$c20140328$lBLL01$h1544
=CAT  \\$a13932$b40$c20140328$lBLL01$h1555
=CAT  \\$a13932$b40$c20140328$lBLL01$h1700
=CAT  \\$a13932$b40$c20140328$lBLL01$h1701
=CAT  \\$a12274$b40$c20140612$lBLL01$h1633
=CAT  \\$aBATCH-UPD$b40$c20141223$lBLL01$h0341
=CAT  \\$aBATCH-UPD$b40$c20150226$lBLL01$h2138
=CAT  \\$aBATCH-UPD$b40$c20150402$lBLL01$h2139
=CAT  \\$aW1711-1225$c20171203$lBLL01$h1055
=FIN  \\$aY$d20140321
=STA  \\$aSUPPRESSED$bunable to determine reason for suppression
=LAS  \\$aW1711-1225$b00$c20171203$lBLL01$h1055

