=LDR  01731 cm a2200469 i 4500
=001  016608176
=003  Uk
=005  20140612163706.0
=006  m\\\\|\\\z\|\\\\\\
=007  cr\|||||||||||
=008  140122s1994\\\\enkzza\\\\\\\\\n\\\\zxx\\
=FMT  \\$a  MU
=040  \\$aUk$beng$cUk$erda
=042  \\$aukblsr
=082  04$a786.2$223
=100  1\$aHinton, Alistair,$ecomposer.
=245  10$aSequentia claviensis :$b(for piano solo) : Op. 28 :
=264  \1$a[Bath] :$b[Sorabji Archive],$c1994.
=300  \\$a1 online resource (1 score (177 pages)) :$bPDF
=336  \\$anotated music$2rdacontent
=337  \\$acomputer$2rdamedia
=338  \\$aonline resource$2rdacarrier
=546  \\$bStaff notation.
=505  0\$aToccata -- Preludio corale -- Cadenza fantasiata -- Adagio (Lamento - Arioso - Notturno) -- Passacaglia -- Fughe su frammenti Faustiani.
=650  \0$aPiano music$vScores.
=650  \0$aMusic$vManuscripts$vFacsimiles.
=600  10$aHinton, Alistair$vManuscripts$vFacsimiles.
=852  41$aBritish Library$bMUSIC$jDigital store
=CAT  \\$a12664$b40$c20140122$lBLL01$h1609
=CAT  \\$a12664$b40$c20140122$lBLL01$h1615
=CAT  \\$a12274$b40$c20140203$lBLL01$h1519
=CAT  \\$a13932$b40$c20140321$lBLL01$h1522
=CAT  \\$a13932$b40$c20140321$lBLL01$h1523
=CAT  \\$a13932$b40$c20140321$lBLL01$h1527
=CAT  \\$a13932$b40$c20140325$lBLL01$h1657
=CAT  \\$a13932$b40$c20140325$lBLL01$h1659
=CAT  \\$a12274$b40$c20140328$lBLL01$h1051
=CAT  \\$a12274$b40$c20140612$lBLL01$h1637
=CAT  \\$aW1711-1225$c20171203$lBLL01$h1055
=FIN  \\$aY$d20140321
=STA  \\$aSUPPRESSED$bunable to determine reason for suppression
=LAS  \\$aW1711-1225$b00$c20171203$lBLL01$h1055

