=LDR  01679 cm a2200445 i 4500
=001  016608184
=003  Uk
=005  20140612163622.0
=006  m\\\\|\\\z\|\\\\\\
=007  cr\|||||||||||
=008  140122s1998\\\\enkzza\\\\\\\\\n\\\\zxx\\
=FMT  \\$a  MU
=040  \\$aUk$beng$cUk$erda
=042  \\$aukblsr
=082  04$a786.2$223
=100  1\$aHinton, Alistair,$ecomposer.
=245  10$aSieben Charakterstücke :$bOp. 35 /$cAlistair Hinton.
=264  \1$a[Bath] :$b[Sorabji Archive],$c1998.
=300  \\$a1 online resource (1 score (86 pages)) :$bPDF
=336  \\$anotated music$2rdacontent
=337  \\$acomputer$2rdamedia
=338  \\$aonline resource$2rdacarrier
=546  \\$bStaff notation.
=505  0\$aDoktor Busoni -- ?Naissance/Espérance/Découvrance? -- Malvern air -- A capriccio -- Icarus powellii -- Étude for Elliott -- Epilogo: Intrada-Funebra-Reminiscenze elegiaco.
=500  \\$aIncludes composer's programme note.
=650  \0$aPiano music$vScores.
=650  \0$aMusic$vManuscripts$vFacsimiles.
=600  10$aHinton, Alistair$vManuscripts$vFacsimiles.
=852  41$aBritish Library$bMUSIC$jDigital store
=CAT  \\$a12664$b40$c20140122$lBLL01$h1613
=CAT  \\$a12274$b40$c20140203$lBLL01$h1519
=CAT  \\$a13932$b40$c20140321$lBLL01$h1551
=CAT  \\$a13932$b40$c20140321$lBLL01$h1552
=CAT  \\$a13932$b40$c20140325$lBLL01$h1707
=CAT  \\$a12274$b40$c20140328$lBLL01$h1045
=CAT  \\$a12274$b40$c20140612$lBLL01$h1636
=CAT  \\$aW1711-1225$c20171203$lBLL01$h1055
=FIN  \\$aY$d20140321
=STA  \\$aSUPPRESSED$bunable to determine reason for suppression
=LAS  \\$aW1711-1225$b00$c20171203$lBLL01$h1055

