=LDR  01420 cm a2200421 i 4500
=001  016608187
=003  Uk
=005  20140612162633.0
=006  m\\\\|\\\z\|\\\\\\
=007  cr\|||||||||||
=008  140122s2009\\\\enksta\\\\\\\\\n\\\\zxx\\
=FMT  \\$a  MU
=040  \\$aUk$beng$cUk$erda
=042  \\$aukblsr
=082  04$a786.218949$223
=100  1\$aHinton, Alistair,$ecomposer.
=245  10$aEtude for Elliott /$cAlistair Hinton.
=264  \1$a[Bath] :$b[Sorabji Archive],$c[2009]
=300  \\$a1 online resource (1 score (7 pages of music)) :$bPDF
=336  \\$anotated music$2rdacontent
=337  \\$acomputer$2rdamedia
=338  \\$aonline resource$2rdacarrier
=546  \\$bStaff notation.
=600  10$aHinton, Alistair$vScores$vFacsimiles.
=650  \0$aPiano music$vScores.
=650  \0$aMusic$vScores$vFacsimiles.
=852  41$aBritish Library$bMUSIC$jDigital store
=CAT  \\$a12664$b40$c20140122$lBLL01$h1616
=CAT  \\$a12274$b40$c20140203$lBLL01$h1515
=CAT  \\$a13932$b40$c20140320$lBLL01$h1133
=CAT  \\$a13932$b40$c20140320$lBLL01$h1136
=CAT  \\$a13932$b40$c20140320$lBLL01$h1137
=CAT  \\$a13932$b40$c20140320$lBLL01$h1138
=CAT  \\$a12274$b40$c20140612$lBLL01$h1626
=CAT  \\$aW1711-1225$c20171203$lBLL01$h1055
=FIN  \\$aY$d20140320
=STA  \\$aSUPPRESSED$bunable to determine reason for suppression
=LAS  \\$aW1711-1225$b00$c20171203$lBLL01$h1055

