=LDR  01655 cm a2200457 i 4500
=001  016608193
=003  Uk
=005  20140612163720.0
=006  m\\\\|\\\z\|\\\\\\
=007  cr\|||||||||||
=008  140122s1993\\\\enkzza\\\\\\\\\n\\\\zxx\\
=FMT  \\$a  MU
=040  \\$aUk$beng$cUk$erda
=042  \\$aukblsr
=082  04$a786.2$223
=100  1\$aHinton, Alistair,$ecomposer.
=245  10$aThree-Page Essay before a Sonata /$cAlistair Hinton : transcription de concert pour pianoforte solo par H. Polkinhorn.
=264  \1$a[Bath] :$b[Sorabji Archive],$c[1993]
=300  \\$a1 online resource (1 score (3 pages)) :$bPDF
=336  \\$anotated music$2rdacontent
=337  \\$acomputer$2rdamedia
=338  \\$aonline resource$2rdacarrier
=546  \\$bStaff notation.
=600  10$aHinton, Alistair$vManuscripts$vFacsimiles.
=650  \0$aMusic$vManuscripts$vFacsimiles.
=700  1\$aPolkinhorn, Hugh,$etranscriber.
=852  41$aBritish Library$bMUSIC$jDigital store
=CAT  \\$a12664$b40$c20140122$lBLL01$h1622
=CAT  \\$a12664$b40$c20140122$lBLL01$h1626
=CAT  \\$a12274$b40$c20140203$lBLL01$h1519
=CAT  \\$a13932$b40$c20140321$lBLL01$h1610
=CAT  \\$a13932$b40$c20140321$lBLL01$h1612
=CAT  \\$a13932$b40$c20140321$lBLL01$h1613
=CAT  \\$a13932$b40$c20140321$lBLL01$h1617
=CAT  \\$a13932$b40$c20140326$lBLL01$h0955
=CAT  \\$a12274$b40$c20140328$lBLL01$h1052
=CAT  \\$a12274$b40$c20140612$lBLL01$h1637
=CAT  \\$aW1711-1225$c20171203$lBLL01$h1055
=FIN  \\$aY$d20140321
=STA  \\$aSUPPRESSED$bunable to determine reason for suppression
=LAS  \\$aW1711-1225$b00$c20171203$lBLL01$h1055

