=LDR  01832ccm a2200493 i 4500
=001  016608204
=003  Uk
=005  20220622163812.0
=006  m\\\\|\\\z\|\\\\\\
=007  cr\|||||||||||
=008  140122s1978\\\\enkzza\\\\\\\\\n\\\\zxx\\
=FMT  \\$a  MU
=040  \\$aUk$beng$cUk$erda
=042  \\$aukblsr
=082  04$a786.21825$223
=100  1\$aHinton, Alistair,$ecomposer.
=245  10$aVariations and fugue on a theme of Grieg :$bfor piano solo op. 16 : 1970 and 1978 /$cAlistair Hinton.
=264  \1$a[Bath] :$b[Sorabji Archive],$c1978.
=300  \\$a1 online resource (1 score (55 pages)) :$bPDF
=336  \\$anotated music$2rdacontent
=337  \\$acomputer$2rdamedia
=338  \\$aonline resource$2rdacarrier
=546  \\$bStaff notation.
=500  \\$aIncludes composer's programme note.
=600  10$aHinton, Alistair$vManuscripts$vFacsimiles.
=650  \0$aMusic$vManuscripts$vFacsimiles.
=700  1\$aGrieg, Edvard,$d1843-1907.$tPeer Gynt.$pÅses död;$oarranged.
=852  41$aBritish Library$bMUSIC$jDigital store
=CAT  \\$a12664$b40$c20140122$lBLL01$h1631
=CAT  \\$a12274$b40$c20140203$lBLL01$h1520
=CAT  \\$a13932$b40$c20140321$lBLL01$h1715
=CAT  \\$a13932$b40$c20140321$lBLL01$h1717
=CAT  \\$a13932$b40$c20140321$lBLL01$h1718
=CAT  \\$a13932$b40$c20140326$lBLL01$h0956
=CAT  \\$a13932$b40$c20140326$lBLL01$h1004
=CAT  \\$a12274$b40$c20140328$lBLL01$h1056
=CAT  \\$a12274$b40$c20140612$lBLL01$h1637
=CAT  \\$aBATCH-UPD$b40$c20141211$lBLL01$h0128
=CAT  \\$aBATCH-UPD$b40$c20150226$lBLL01$h2138
=CAT  \\$aW1711-1225$c20171203$lBLL01$h1055
=CAT  \\$aMFISHER$b40$c20220622$lBLL01$h1638
=FIN  \\$aY$d20140321
=STA  \\$aSUPPRESSED$bunable to determine reason for suppression
=LAS  \\$aMFISHER$b40$c20220622$lBLL01$h1638

