=LDR  01760 cm a2200457 i 4500
=001  016609989
=003  Uk
=005  20140612163612.0
=006  m\\\\|\\\z\|\\\\\\
=007  cr\|||||||||||
=008  140123s1998\\\\enkvra\\o\\\\\\n\\\\zxx\\
=FMT  \\$a  MU
=040  \\$aUk$beng$cUk$erda
=042  \\$aukblsr
=082  04$a784.2621825$223
=100  1\$aHinton, Alistair,$ecomposer.
=240  10$aVariations,$mpiano, orchestra,$nop. 31
=245  10$aVariations for piano and orchestra, op. 31 (1995-96) /$cAlistair Hinton.
=264  \1$a[Bath, England] :$b[Sorabji Archive],$c[1998?]
=300  \\$a1 online resource (1 score (75 pages of music)) :$bPDF
=336  \\$anotated music$2rdacontent
=337  \\$acomputer$2rdamedia
=338  \\$aonline resource$2rdacarrier
=500  \\$aIncludes preface by the composer.
=500  \\$a"Strings should ideally be 16.16.14.12.10: the minimum requirement is 12.12.10.6.6"--Preface.
=546  \\$bStaff notation.
=500  \\$aDuration: approximately 23 min.
=500  \\$a"All parts are written at pitch except piccolo, contrabassoon and double-basses"--Preface.
=600  10$aHinton, Alistair$vManuscripts$vFacsimiles.
=650  \0$aVariations (Orchestra)$vScores.
=650  \0$aMusic$vManuscripts$vFacsimiles.
=852  41$aBritish Library$bMUSIC$jDigital store
=CAT  \\$a12664$b40$c20140123$lBLL01$h1332
=CAT  \\$a12274$b40$c20140203$lBLL01$h1520
=CAT  \\$a12274$b40$c20140210$lBLL01$h1647
=CAT  \\$a12274$b40$c20140210$lBLL01$h1648
=CAT  \\$a12274$b40$c20140612$lBLL01$h1636
=CAT  \\$aW1711-1225$c20171203$lBLL01$h1055
=FIN  \\$aY$d20140210
=STA  \\$aSUPPRESSED$bunable to determine reason for suppression
=LAS  \\$aW1711-1225$b00$c20171203$lBLL01$h1055

