=LDR  02138 cm a2200553 i 4500
=001  016610002
=003  Uk
=005  20140612163603.0
=006  m\\\\|\\\z\|\\\\\\
=007  cr\|||||||||||
=008  140123s1998\\\\enkcoa\\o\\\\\\n\\\\eng\\
=FMT  \\$a  MU
=040  \\$aUk$beng$cUk$erda
=042  \\$aukblsr
=082  04$a784.272176$223
=100  1\$aHinton, Alistair,$ecomposer.
=240  10$aConcertos,$mviolin, orchestra,$nno. 1, op. 19
=245  10$aViolin concerto no. 1 :$bconcerto for violin, soprano and small orchestra /$cAlistair Hinton.
=264  \1$a[Bath, England] :$b[Sorabji Archive],$c[1998?]
=300  \\$a1 online resource (1 score (31 pages)) :$bPDF
=336  \\$anotated music$2rdacontent
=337  \\$acomputer$2rdamedia
=338  \\$aonline resource$2rdacarrier
=500  \\$aWork composed 1979.
=500  \\$aThe soprano part chiefly in vocalise; at the end of the piece, words by Walter Savage Landor are sung.
=500  \\$aDedicated to Jane Manning.
=500  \\$aReproduced from holograph.
=500  \\$aIncludes preface by the composer.
=546  \\$bStaff notation.
=500  \\$aDuration: approximately 17 min.
=600  10$aHinton, Alistair$vManuscripts$vFacsimiles.
=600  10$aLandor, Walter Savage,$d1775-1864$vMusical settings.
=650  \0$aConcertos (Violin)$vScores.
=650  \0$aSongs (High voice) with orchestra$vScores.
=650  \0$aVocalises (High voice) with orchestra$vScores.
=650  \0$aMusic$vManuscripts$vFacsimiles.
=700  1\$aLandor, Walter Savage,$d1775-1864.
=852  41$aBritish Library$bMUSIC$jDigital store
=CAT  \\$a12664$b40$c20140123$lBLL01$h1342
=CAT  \\$a12664$b40$c20140123$lBLL01$h1346
=CAT  \\$a12664$b40$c20140123$lBLL01$h1349
=CAT  \\$a12274$b40$c20140203$lBLL01$h1521
=CAT  \\$a12274$b40$c20140210$lBLL01$h1716
=CAT  \\$a12274$b40$c20140210$lBLL01$h1717
=CAT  \\$a12274$b40$c20140612$lBLL01$h1636
=CAT  \\$aW1711-1225$c20171203$lBLL01$h1055
=FIN  \\$aY$d20140210
=STA  \\$aSUPPRESSED$bunable to determine reason for suppression
=LAS  \\$aW1711-1225$b00$c20171203$lBLL01$h1055

