=LDR  01813 cm a2200517 i 4500
=001  016610010
=003  Uk
=005  20140612155714.0
=006  m\\\\|\\\z\|\\\\\\
=007  cr\|||||||||||
=008  140123s2011\\\\enksga\\\\\\\\\n\\\\eng\\
=FMT  \\$a  MU
=040  \\$aUk$beng$cUk$erda
=042  \\$aukblsr
=082  04$a783.6647$223
=100  1\$aHinton, Alistair,$ecomposer.
=240  10$aTagore songs
=245  10$aFive Tagore songs :$bfor high soprano and piano /$cAlistair Hinton.
=264  \1$a[Bath, England] :$b[Sorabji Archive],$c[2011?]
=300  \\$a1 online resource (1 score (21 pages)) :$bPDF
=336  \\$anotated music$2rdacontent
=337  \\$acomputer$2rdamedia
=338  \\$aonline resource$2rdacarrier
=500  \\$aWork composed 1970.
=500  \\$aReproduced from holograph.
=546  \\$bStaff notation.
=546  \\$aEnglish words.
=600  10$aHinton, Alistair$vManuscripts$vFacsimiles.
=600  10$aTagore, Rabindranath,$d1861-1941$vMusical settings.
=650  \0$aSong cycles.
=650  \0$aSongs (High voice) with piano.
=650  \0$aMusic$vManuscripts$vFacsimiles.
=700  1\$aTagore, Rabindranath,$d1861-1941.
=852  41$aBritish Library$bMUSIC$jDigital store
=CAT  \\$a12664$b40$c20140123$lBLL01$h1347
=CAT  \\$a12664$b40$c20140123$lBLL01$h1352
=CAT  \\$a12274$b40$c20140203$lBLL01$h1521
=CAT  \\$a12274$b40$c20140210$lBLL01$h1608
=CAT  \\$a12274$b40$c20140210$lBLL01$h1609
=CAT  \\$a12274$b40$c20140612$lBLL01$h1557
=CAT  \\$aBATCH-UPD$b40$c20140919$lBLL01$h2041
=CAT  \\$aBATCH-UPD$b40$c20150226$lBLL01$h2138
=CAT  \\$aW1711-1225$c20171203$lBLL01$h1055
=FIN  \\$aY$d20140210
=STA  \\$aSUPPRESSED$bunable to determine reason for suppression
=LAS  \\$aW1711-1225$b00$c20171203$lBLL01$h1055

