=LDR  01715 cm a2200493 i 4500
=001  016610018
=003  Uk
=005  20140507092029.0
=006  m\\\\|\\\z\|\\\\\\
=007  cr\|||||||||||
=008  140123t19961996enksga\\o\\\\\\n\\\\eng\\
=FMT  \\$a  MU
=040  \\$aUk$beng$cUk$erda
=042  \\$aukblsr
=082  04$a783.542$223
=100  1\$aHinton, Alistair,$ecomposer.
=245  10$aIn solitude, in plenitude :$bop.33 (1996) /$cAlistair Hinton ; words by Hugh MacDiarmid.
=264  \1$a[Bath, England] :$b[Sorabji Archive],$c[1996?]
=264  \4$c©1996
=300  \\$a1 score (5 pages of music).$bPDF
=336  \\$anotated music$2rdacontent
=337  \\$acomputer$2rdamedia
=338  \\$aonline resource$2rdacarrier
=500  \\$aFor bass voice and piano.
=500  \\$aWork composed 1970.
=546  \\$bStaff notation.
=546  \\$aEnglish words.
=500  \\$aIncludes preface by the composer.
=500  \\$aTitle from first page of PDF.
=500  \\$aPDF viewed on 10 February 2014.
=600  10$aHinton, Alistair$vManuscripts$vFacsimiles.
=600  10$aMacDiarmid, Hugh,$d1892-1978$vMusical settings.
=650  \0$aSongs (Low voice) with piano.
=650  \0$aMusic$vManuscripts$vFacsimiles.
=700  1\$aMacDiarmid, Hugh,$d1892-1978.
=852  41$aBritish Library$bMUSIC$jDigital store
=CAT  \\$a12664$b40$c20140123$lBLL01$h1351
=CAT  \\$a12274$b40$c20140203$lBLL01$h1521
=CAT  \\$a12274$b40$c20140210$lBLL01$h1628
=CAT  \\$a12274$b40$c20140507$lBLL01$h0920
=CAT  \\$aW1711-1225$c20171203$lBLL01$h1055
=FIN  \\$aY$d20140210
=STA  \\$aSUPPRESSED$bunable to determine reason for suppression
=LAS  \\$aW1711-1225$b00$c20171203$lBLL01$h1055

