=LDR  01699 cm a2200469 i 4500
=001  016610021
=003  Uk
=005  20140210163919.0
=006  m\\\\|\\\z\|\\\\\\
=007  cr\|||||||||||
=008  140123s2000\\\\enksga\\o\\\\\\n\\\\eng\\
=FMT  \\$a  MU
=040  \\$aUk$beng$cUk$erda
=042  \\$aukblsr
=082  04$a783.347$223
=100  1\$aHinton, Alistair,$ecomposer.
=240  10$aSongs,$nop. 40
=245  10$aSix songs, for high soprano and piano, op. 40 (2000) /$cAlistair Hinton.
=264  \1$a[Bath, England] :$b[Sorabji Archive],$c[2000?]
=300  \\$a1 online resource (1 score (36 pages)) :$bPDF
=336  \\$anotated music$2rdacontent
=337  \\$acomputer$2rdamedia
=338  \\$aonline resource$2rdacarrier
=500  \\$aSettings of words by Robert Frost, Robert Louis Stevenson, Walter Savage Landor, Emily Dickinson, Ernest Dowson and Ezra Pound.
=500  \\$aReproduced from holograph.
=546  \\$bStaff notation.
=546  \\$aEnglish words.
=500  \\$aTitle from first page of PDF.
=500  \\$aPDF viewed on 10 February 2014.
=600  10$aHinton, Alistair$vManuscripts$vFacsimiles.
=650  \0$aSong cycles.
=650  \0$aSongs (High voice) with piano.
=650  \0$aMusic$vManuscripts$vFacsimiles.
=852  41$aBritish Library$bMUSIC$jDigital store
=CAT  \\$a12664$b40$c20140123$lBLL01$h1354
=CAT  \\$a12664$b40$c20140123$lBLL01$h1355
=CAT  \\$a12274$b40$c20140203$lBLL01$h1521
=CAT  \\$a12274$b40$c20140210$lBLL01$h1639
=CAT  \\$aW1711-1225$c20171203$lBLL01$h1055
=FIN  \\$aY$d20140210
=STA  \\$aSUPPRESSED$bunable to determine reason for suppression
=LAS  \\$aW1711-1225$b00$c20171203$lBLL01$h1055

