=LDR  01777 cm a2200493 i 4500
=001  016610032
=003  Uk
=005  20140612155723.0
=006  m\\\\|\\\z\|\\\\\\
=007  cr\|||||||||||
=008  140123s2011\\\\enksga\\o\\\\\\n\\\\eng\\
=FMT  \\$a  MU
=040  \\$aUk$beng$cUk$erda
=042  \\$aukblsr
=082  04$a783.6647$223
=100  1\$aHinton, Alistair,$ecomposer.
=245  10$aSong-cycle "Wings of Death" :$bfor soprano and orchestra /$cby Alistair Hinton ; poems by Rabindranath Tagore.
=246  3\$aWings of Death
=264  \1$a[Bath, England] :$b[Sorabji Archive],$c[2011?]
=300  \\$a1 online resource (1 score (54 pages)) :$bPDF
=336  \\$anotated music$2rdacontent
=337  \\$acomputer$2rdamedia
=338  \\$aonline resource$2rdacarrier
=500  \\$aWork composed 1970-1971.
=500  \\$aReproduced from holograph.
=546  \\$bStaff notation.
=546  \\$aEnglish words.
=600  10$aTagore, Rabindranath,$d1861-1941$vMusical settings.
=600  10$aHinton, Alistair$vManuscripts$vFacsimiles.
=650  \0$aSong cycles.
=650  \0$aSongs (High voice) with orchestra$vScores.
=650  \0$aMusic$vManuscripts$vFacsimiles.
=700  1\$aTagore, Rabindranath,$d1861-1941.
=852  41$aBritish Library$bMUSIC$jDigital store
=CAT  \\$a12664$b40$c20140123$lBLL01$h1403
=CAT  \\$a12274$b40$c20140203$lBLL01$h1522
=CAT  \\$a12274$b40$c20140210$lBLL01$h1504
=CAT  \\$a12274$b40$c20140612$lBLL01$h1557
=CAT  \\$aBATCH-UPD$b40$c20140919$lBLL01$h2041
=CAT  \\$aBATCH-UPD$b40$c20150226$lBLL01$h2138
=CAT  \\$aW1711-1225$c20171203$lBLL01$h1055
=FIN  \\$aY$d20140210
=STA  \\$aSUPPRESSED$bunable to determine reason for suppression
=LAS  \\$aW1711-1225$b00$c20171203$lBLL01$h1055

