=LDR  01541 am a2200433 i 4500
=001  016813309
=003  Uk
=005  20141201213021.0
=006  m\\\\||\\d\|\\\\\\
=007  cr\|||||||||||
=008  141118s2014\\\\stk\\\\\\b\\\f000\0\eng\c
=FMT  \\$a  BK
=015  \\$aGBB4D6062$2bnb
=020  \\$z9781784126902
=035  \\$a(StEdNL)5234189
=040  \\$aStEdNL$beng$cStEdNL$dStEdNL$erda
=042  \\$aukscp
=043  \\$ae-uk-st
=100  1\$aPack, Brian,$eauthor.
=245  10$aDoing Better Initiative to reduce red tape for farmers & rural land managers :$bfinal report & recommendations to Scottish Ministers /$cBrian Pack.
=264  \1$aEdinburgh :$bThe Scottish Government,$c2014.
=300  \\$a114 pages ;$c30 cm
=336  \\$atext$2rdacontent
=337  \\$aunmediated$2rdamedia
=338  \\$avolume$2rdacarrier
=500  \\$a"DPPAS33735(07/14)"--Back cover.
=504  \\$aIncludes bibliographical references.
=650  \0$aAgriculture$zScotland.
=650  \0$aAgriculture and state$zScotland.
=710  1\$aScotland.$bScottish Government.
=852  41$aBritish Library$bHMNTS$jELD Digital store
=985  \\$aLDL record matched & merged
=CAT  \\$a12664$b40$c20140805$lBLL01$h1128
=CAT  \\$aBATCH-LDLE$b00$c20141201$lBLL01$h2129
=CAT  \\$aBATCH-LDLL$b00$c20141201$lBLL01$h2130
=CAT  \\$aBATCH-LDL4$b00$c20141201$lBLL01$h2130
=CAT  \\$aW1711-1225$c20171203$lBLL01$h1056
=STA  \\$aSUPPRESSED$bunable to determine reason for suppression
=LAS  \\$aW1711-1225$b00$c20171203$lBLL01$h1056

