=LDR  01104 am a22003253i 4500
=001  016874480
=003  Uk
=005  20141008092525.0
=006  m\\\\||\\d\|\\\\\\
=007  cr\|||||||||||
=008  140925s2002\\\\enk||||\o\\\\\0||\0|eng\\
=FMT  \\$a  BK
=040  \\$aUk$beng$cUk$erda
=042  \\$aukblsr
=082  04$a361.25$223
=245  00$aCopeland Working Together :$bAn Agreement on the relations between Copeland BC and the voluntary and community sector.
=264  \1$a[Copeland] :$b[Copeland Borough Council],$c[2002]
=300  \\$a1 online resource (6 pages)
=336  \\$atext$2rdacontent
=337  \\$acomputer$2rdamedia
=338  \\$aonline resource$2rdacarrier
=650  \0$aVoluntarism$zEngland.
=650  \0$aCommunity development$zEngland.
=852  41$aBritish Library$bHMNTS$jDigital store
=CAT  \\$a6098$b40$c20140925$lBLL01$h1140
=CAT  \\$a11281$b40$c20141008$lBLL01$h0925
=CAT  \\$aW1711-1225$c20171203$lBLL01$h1056
=FIN  \\$aY$d20141008
=STA  \\$aSUPPRESSED$bunable to determine reason for suppression
=LAS  \\$aW1711-1225$b00$c20171203$lBLL01$h1056

