=LDR  01204 am a2200373 i 4500
=001  017144543
=003  Uk
=005  20160128084110.0
=006  m\\\\||\\d\|\\\\\\
=007  cr\|||||||||||
=008  150407s2007\\\\ie\\\\\\o\\\\\000\d\eng\\
=FMT  \\$a  BK
=015  \\$aGBB612470$2bnb
=020  \\$z1903105013
=020  \\$z9781903105016
=040  \\$aUk$beng$cUk$erda
=042  \\$aukblsr
=082  04$a822.92$223
=100  1\$aSmith, Sydney Bernard,$d1936-$eauthor.
=245  14$aThe 2nd Grand Confabulation of Drum Ceat & Sundry Verse Satires /$cby Sydney Bernard Smith.
=264  \1$aIreland :$bLittle Red Hen Productions,$c[2007]
=264  \4$c©2007
=300  \\$a1 online resource (100 pages)
=336  \\$atext$2rdacontent
=337  \\$acomputer$2rdamedia
=338  \\$aonline resource$2rdacarrier
=852  41$aBritish Library$bHMNTS$jDigital store
=CAT  \\$a10902$b40$c20150407$lBLL01$h1616
=CAT  \\$a7332$b40$c20160126$lBLL01$h1353
=CAT  \\$a7332$b40$c20160128$lBLL01$h0841
=CAT  \\$aW1711-1225$c20171203$lBLL01$h1056
=FIN  \\$aY$d20160126
=STA  \\$aSUPPRESSED$bunable to determine reason for suppression
=LAS  \\$aW1711-1225$b00$c20171203$lBLL01$h1056

