=LDR  01000 am a22002773a 4500
=001  013638388
=003  Uk
=005  20201127181016.0
=008  070109s\\\\\\\\\\\\\\\\\\\\\\\0\\\\eng\\
=040  \\$aUk$beng$cUk
=245  \0$aQuarterly energy price annexes [December 2006 edition].
=260  \\$aLondon :$bDTI,$c2006.
=336  \\$atext$2rdacontent
=337  \\$aunmediated$2rdamedia
=338  \\$avolume$2rdacarrier
=500  \\$aURN no.: 06/276d/AN.
=852  41$aBritish Library$bHMNTS$jDigital store
=883  0\$aLanguage codes assigned by Bayesian analysis of words present in record$d20201028$qUk$c0.9010
=985  \\$aUpgraded by BSS-generated file for WR2011-1472
=CAT  \\$a10902$b40$c20070109$lBLL01$h0807
=CAT  \\$a10902$b40$c20070109$lBLL01$h0808
=CAT  \\$aW1711-1225$c20171203$lBLL01$h1025
=CAT  \\$aW2011-1472$b00$c20201127$lBLL01$h1810
=FMT  \\$a  BK
=LAS  \\$aW2011-1472$b00$c20201127$lBLL01$h1810
=STA  \\$aSUPPRESSED$bunable to determine reason for suppression

