=LDR  01340 am a2200397 a 4500
=001  015548818
=003  Uk
=005  20110128140613.0
=006  m\\\\|\\\d\|\\\\\\
=007  cr||||||||||||
=008  100510s2010\\\\enk||||\s\\\\\00|\1\eng\\
=015  \\$aGBB113884$2bnb
=020  \\$z9780954962111 (corrected)$z978954962111
=040  \\$aUk$beng$cUk
=042  \\$aukblsr
=082  04$a823.92$222
=100  1\$aJohnson, Luke,$d1948-
=245  10$aVictim of compromise$h[electronic resource] /$cLuke Johnson.
=260  \\$a[Woking] :$bPeatmore Press,$c2010.
=300  \\$a361 p. :$bdigital, PDF file.
=336  \\$atext$2rdacontent
=337  \\$acomputer$2rdamedia
=338  \\$aonline resource$2rdacarrier
=500  \\$aTitle from PDF title page (viewed on 27 Jan., 2011).
=538  \\$aMode of access: World Wide Web.
=538  \\$aSystem requirements: Adobe Acrobat Reader.
=852  41$aBritish Library$bHMNTS$jDigital store
=CAT  \\$a10983$b40$c20100510$lBLL01$h1015
=CAT  \\$a10983$b40$c20100510$lBLL01$h1019
=CAT  \\$a11281$b40$c20110127$lBLL01$h1713
=CAT  \\$a7332$b40$c20110128$lBLL01$h1406
=CAT  \\$aW1711-1225$c20171203$lBLL01$h1037
=FIN  \\$aY$d20110127
=FMT  \\$a  BK
=LAS  \\$aW1711-1225$b00$c20171203$lBLL01$h1037
=STA  \\$aSUPPRESSED$bunable to determine reason for suppression

