=LDR  01139 am a2200337 a 4500
=001  015599106
=003  Uk
=005  20110913154417.0
=006  m\\\\|\\\d\|\\\\\\
=007  cr\|||||||||||
=008  100712s2010\\\\enk\\\\\o\\\\\000\0\eng\\
=040  \\$aUk$beng$cUk
=042  \\$aukblsr
=082  04$a338.54094$223
=245  00$aEuropean sovereign debt crisis$h[electronic resource] :$bhow might it impact your business?
=260  \\$aOxford :$bOxford Economics,$c2010.
=300  \\$a1 online resource (13 p.)
=336  \\$atext$2rdacontent
=337  \\$acomputer$2rdamedia
=338  \\$aonline resource$2rdacarrier
=500  \\$aTitle from Word cover (viewed on Sept. 13, 2011).
=650  \0$aBusiness enterprises$zEurope.
=650  \0$aFinancial crises$zEurope.
=710  2\$aOxford Economics (Firm)
=852  41$aBritish Library$bHMNTS$jDigital store
=CAT  \\$a10902$b40$c20100712$lBLL01$h1426
=CAT  \\$a12181$b40$c20110913$lBLL01$h1544
=CAT  \\$aW1711-1225$c20171203$lBLL01$h1038
=FMT  \\$a  BK
=LAS  \\$aW1711-1225$b00$c20171203$lBLL01$h1038
=STA  \\$aSUPPRESSED$bunable to determine reason for suppression

