=LDR  01752 cm a2200457 i 4500
=001  015949075
=003  Uk
=005  20140612162911.0
=006  m\\\\\\\\u\\||||||
=007  cr\|||||||||||
=008  111013s2009\\\\enkzzl\|o||||||n\\|\zxx\\
=040  \\$aUk$beng$cUk$erda
=042  \\$aukblsr
=082  04$a783.664$223
=100  1\$aSorabji, Kaikhosru Shapurji,$d1892-1988,$ecomposer.
=245  10$aVocalise pour soprano fioriturata :$bsong for soprano and piano (1916) /$cKaikhosru Shapurji Sorabji.
=250  \\$aCritical edition /$bby Marc-André Roberge.
=250  \\$aSecond impression.
=264  \1$aBath, Engand :$bThe Sorabji Archive,$c2009.
=300  \\$a1 online resource (1 score (5 pages)) :$bPDF
=336  \\$anotated music$2rdacontent
=337  \\$acomputer$2rdamedia
=338  \\$aonline resource$2rdacarrier
=500  \\$aIncludes introduction and critical report in English.
=500  \\$a"This edition ... is made available on demand by the Sorabji Archive as a bound photocopy".
=546  \\$bStaff notation.
=650  \0$aVocalises (High voice) with piano.
=700  1\$aRoberge, Marc-André,$d1955-$eeditor.
=852  41$aBritish Library$bMUSIC$jDigital store
=CAT  \\$a12664$b40$c20111013$lBLL01$h1336
=CAT  \\$a12664$b40$c20111013$lBLL01$h1339
=CAT  \\$a12664$b40$c20111013$lBLL01$h1410
=CAT  \\$a12664$b40$c20111104$lBLL01$h1545
=CAT  \\$a12274$b40$c20130829$lBLL01$h1519
=CAT  \\$aBATCH-UPD$b40$c20140322$lBLL01$h1839
=CAT  \\$a12274$b40$c20140612$lBLL01$h1629
=CAT  \\$aW1711-1225$c20171203$lBLL01$h1045
=FIN  \\$aY$d20130829
=FMT  \\$a  MU
=LAS  \\$aW1711-1225$b00$c20171203$lBLL01$h1045
=STA  \\$aSUPPRESSED$bunable to determine reason for suppression

