=LDR  01750 cm a2200469 i 4500
=001  015949093
=003  Uk
=005  20130815144311.0
=006  m\\\\\\\\u\\||||||
=007  cr\|||||||||||
=008  111013s2011\\\\enkzzl\|o||||||n\\|\zxx\\
=028  32$aKSS 70$bSorabji Music Archive
=040  \\$aUk$beng$cUk$erda
=042  \\$aukblsr
=082  04$a786.2$223
=100  1\$aStrauss, Richard,$d1864-1949,$ecomposer.
=240  10$aSalome.$pAh! Du wolltest mich;$oarranged
=245  10$aSchluss-Szene aus Salome /$cRichard Strauss ; Konzertmässig Uebertragung von Kaikhosru Shapurji Sorabji ; edited and typeset by Jonathan Powell.
=264  \1$a[Bath, England] :$b[Sorabji Music Archive],$c[2011]
=300  \\$a1 online resource (1 score (35 pages)) :$bPDF
=336  \\$anotated music$2rdacontent
=337  \\$acomputer$2rdamedia
=338  \\$aonline resource$2rdacarrier
=500  \\$aArranged for piano.
=500  \\$aDate of edition 2007.
=500  \\$aTitle from PDF caption title.
=500  \\$aPDF viewed on 15 August 2013.
=546  \\$bStaff notation.
=650  \0$aOperas$vExcerpts, Arranged.
=700  1\$aSorabji, Kaikhosru Shapurji,$d1892-1988,$earranger of music.
=700  1\$aPowell, Jonathan,$d1969-$eeditor.
=852  41$aBritish Library$bMUSIC$jDigital store
=CAT  \\$a12664$b40$c20111013$lBLL01$h1356
=CAT  \\$a7416$b40$c20111027$lBLL01$h1027
=CAT  \\$a12664$b40$c20111104$lBLL01$h1548
=CAT  \\$a12664$b40$c20111104$lBLL01$h1549
=CAT  \\$a12274$b40$c20130815$lBLL01$h1443
=CAT  \\$aW1711-1225$c20171203$lBLL01$h1045
=FIN  \\$aY$d20130815
=FMT  \\$a  MU
=LAS  \\$aW1711-1225$b00$c20171203$lBLL01$h1045
=STA  \\$aSUPPRESSED$bunable to determine reason for suppression

