=LDR  02405 cm a2200625 i 4500
=001  015949103
=003  Uk
=005  20130425112100.0
=006  m\\\\|\\\d\|\\\\\\
=007  cd||||||||||||
=008  111013s2011\\\\enksga\\s\\\\\\n\\\\fre\\
=040  \\$aUk$beng$cUk$erda
=041  \\$afre$eeng
=042  \\$aukblsr
=082  04$a783.342$223
=100  1\$aSorabji, Kaikhosru Shapurji,$d1892-1988,$ecomposer.
=245  10$aApparition /$cKaikhosru Shapurji Sorabji ; poésie de Stéphane Mallarmé.
=264  \1$a[Bath] :$b[Sorabji Music Archive],$c[2011]
=300  \\$a1 computer disc (1 score (6 pages)) :$bPDF
=336  \\$anotated music$2rdacontent
=337  \\$acomputer$2rdamedia
=338  \\$acomputer disc$2rdacarrier
=500  \\$aFor high voice and piano.
=500  \\$aTitle from PDF caption title.
=500  \\$aPDF viewed on 24 September 2012.
=500  \\$aScore dated at the end: 26.9.16.
=500  \\$aInterlinear French words; English translation by Charles Hopkins, dated 2002, presented separately.
=500  \\$aPoem translated by Charles Hopkins.
=538  \\$aSystem requirements: Adobe Acrobat Reader.
=546  \\$bStaff notation.
=600  10$aMallarmé, Stéphane,$d1842-1898$vMusical settings.
=650  \0$aSongs (High voice) with piano.
=700  1\$aHopkins, Charles,$c-2007,$etranslator.
=700  1\$aMallarmé, Stéphane,$d1842-1898,$eauthor.
=852  41$aBritish Library$bMUSIC$jDigital store
=CAT  \\$a12664$b40$c20111013$lBLL01$h1402
=CAT  \\$a12664$b40$c20111104$lBLL01$h1546
=CAT  \\$a12664$b40$c20111110$lBLL01$h1603
=CAT  \\$a12274$b40$c20120924$lBLL01$h1105
=CAT  \\$a12274$b40$c20120924$lBLL01$h1157
=CAT  \\$a12274$b40$c20120924$lBLL01$h1158
=CAT  \\$a12274$b40$c20120924$lBLL01$h1210
=CAT  \\$a12274$b40$c20120926$lBLL01$h1030
=CAT  \\$a12274$b40$c20120928$lBLL01$h1347
=CAT  \\$a7416$b40$c20121024$lBLL01$h1643
=CAT  \\$aBATCH-UPD$b40$c20121024$lBLL01$h1644
=CAT  \\$a12274$b40$c20121129$lBLL01$h1159
=CAT  \\$a12274$b40$c20130422$lBLL01$h1421
=CAT  \\$a12274$b40$c20130422$lBLL01$h1440
=CAT  \\$a12274$b40$c20130425$lBLL01$h1121
=CAT  \\$aW1711-1225$c20171203$lBLL01$h1045
=FIN  \\$aY$d20120924
=FMT  \\$a  MU
=LAS  \\$aW1711-1225$b00$c20171203$lBLL01$h1045
=STA  \\$aSUPPRESSED$bunable to determine reason for suppression

