=LDR  02078 cm a2200553 i 4500
=001  015949115
=003  Uk
=005  20140612163037.0
=006  m\\\\\\\\u\\||||||
=007  cr||||||||||||
=008  111013s2009\\\\enksga\\odehi\\n\\\\fre\\
=040  \\$aUk$beng$cUk$erda
=041  0\$afre$efre$eeng$geng
=042  \\$aukblsr
=082  04$a786.2$223
=100  1\$aSorabji, Kaikhosru Shapurji,$d1892-1988.
=240  10$aArabesque,$msoprano, piano
=245  10$aArabesque :$bsong for soprano and piano (1920) /$cKaikhosru Shapurji Sorabji.
=250  \\$aCritical edition /$bby Marc-André Roberge.
=264  \1$aBath, England :$bThe Sorabji Archive,$c2009.
=300  \\$a1 online resource (1 score (v, 6 pages, 2 unnumbered pages)) :$bPDF
=336  \\$anotated music$2rdacontent
=337  \\$acomputer$2rdamedia
=338  \\$aonline resource$2rdacarrier
=500  \\$aFor voice (soprano) and piano.
=500  \\$aIncludes introduction, critical report and biography of editor in English.
=546  \\$aFrench words.
=546  \\$bStaff notation.
=600  10$aMirza, Shams' Ud Din Ibrahim$vMusical settings.
=650  \0$aSongs (High voice) with piano.
=700  1\$aRoberge, Marc-André,$d1955-$eeditor.
=700  1\$aMirza, Shams' Ud Din Ibrahim.
=852  41$aBritish Library$bMUSIC$jDigital store
=CAT  \\$a12664$b40$c20111013$lBLL01$h1408
=CAT  \\$a12664$b40$c20111104$lBLL01$h1547
=CAT  \\$a12664$b40$c20111201$lBLL01$h1048
=CAT  \\$a12274$b40$c20130320$lBLL01$h1634
=CAT  \\$a12274$b40$c20130320$lBLL01$h1635
=CAT  \\$a12274$b40$c20130422$lBLL01$h1416
=CAT  \\$a12274$b40$c20130425$lBLL01$h1122
=CAT  \\$a12274$b40$c20130614$lBLL01$h1037
=CAT  \\$aBATCH-UPD$b40$c20130711$lBLL01$h1411
=CAT  \\$aBATCH-UPD$b40$c20140322$lBLL01$h1839
=CAT  \\$a12274$b40$c20140612$lBLL01$h1630
=CAT  \\$aW1711-1225$c20171203$lBLL01$h1045
=FIN  \\$aY$d20130320
=FMT  \\$a  MU
=LAS  \\$aW1711-1225$b00$c20171203$lBLL01$h1045
=STA  \\$aSUPPRESSED$bunable to determine reason for suppression

