=LDR  01093 cm a2200325 a 4500
=001  015949141
=003  Uk
=005  20141204145530.0
=008  111013s2009\\\\enk||a\|s||||||n\\|\eng\\
=028  32$aKSS91$bSorabji Music Archive
=040  \\$aUk$beng$cUk
=082  14$a780$215
=100  1\$aSorabji, Kaikhosru Shapurji,$d1892-1988,$ecomposer.
=245  10$aBenedizione di San Francesco d'Assisi :$bfor baritone and organ.
=250  \\$aTypset ed.
=260  \\$aBath :$bSorabji Archive,$c[2009?]
=300  \\$a1 score.
=336  \\$anotated music$2rdacontent
=337  \\$aunmediated$2rdamedia
=338  \\$avolume$2rdacarrier
=700  1\$aRumson, Gordon,$eeditor.
=852  41$aBritish Library$bHMNTS$jDigital store
=CAT  \\$a12664$b40$c20111013$lBLL01$h1421
=CAT  \\$a12664$b40$c20111104$lBLL01$h1550
=CAT  \\$a11814$b40$c20141204$lBLL01$h1455
=CAT  \\$aWR15_100$c20150811$lBLL01$h0327
=CAT  \\$aW1711-1225$c20171203$lBLL01$h1045
=FMT  \\$a  MU
=LAS  \\$aW1711-1225$b00$c20171203$lBLL01$h1045
=STA  \\$aSUPPRESSED$bunable to determine reason for suppression

