=LDR  02696 cm a2200637 i 4500
=001  015949153
=003  Uk
=005  20140612155641.0
=006  m\\\\\\\\u\\||||||
=007  cr\|||||||||||
=008  111013s2011\\\\enkfgz\\o\\\\\\n\\\\zxx\\
=028  32$aKSS61$bSorabji Music Archive
=040  \\$aUk$beng$cUk$erda
=042  \\$aukblsr
=082  04$a786.2$223
=100  1\$aBach, Johann Sebastian,$d1685-1750,$ecomposer.
=240  10$aHarpsichord music.$kSelections;$oarranged
=245  10$aTranscription in the light of harpsichord technique of the Chromatic fantasia of J.S. Bach followed by a fugue :$b(1940) : piano solo /$cKaikhosru Shapurji Sorabji.
=250  \\$aCritical edition /$bby Marc-André Roberge.
=264  \1$a[Bath] :$b[Sorabji Archive],$c[2011]
=300  \\$a1 online resource (1 score (42 pages)) :$bPDF
=336  \\$anotated music$2rdacontent
=337  \\$acomputer$2rdamedia
=338  \\$aonline resource$2rdacarrier
=500  \\$aFor piano.
=500  \\$aIncludes introduction and critical report in English.
=500  \\$a"This edition ... is made available on demand by the Sorabji Archive as a bound photocopy".
=505  0\$aChromatic fantasia [BWV 903a] -- Fuga a 3 voci [BWV 948].
=538  \\$aSystem requirements: Adobe Acrobat Reader.
=546  \\$bStaff notation.
=650  \0$aCanons, fugues, etc. (Piano)
=650  \0$aPiano music, Arranged.
=700  1\$aSorabji, Kaikhosru Shapurji,$d1892-1988,$earranger of music.
=700  1\$aRoberge, Marc-André,$d1955-$eeditor.
=700  12$aBach, Johann Sebastian,$d1685-1750.$tChromatische Fantasie und Fuge.$pFantasia;$oarranged.
=700  12$aBach, Johann Sebastian,$d1685-1750.$tFugues,$mharpsichord,$nBWV 948,$rD minor;$oarranged.
=852  41$aBritish Library$bMUSIC$jDigital store
=CAT  \\$a12664$b40$c20111013$lBLL01$h1428
=CAT  \\$a12664$b40$c20111104$lBLL01$h1552
=CAT  \\$a12274$b40$c20130419$lBLL01$h1755
=CAT  \\$a12274$b40$c20130419$lBLL01$h1759
=CAT  \\$a12274$b40$c20130422$lBLL01$h1208
=CAT  \\$a12274$b40$c20130422$lBLL01$h1231
=CAT  \\$a12274$b40$c20130422$lBLL01$h1307
=CAT  \\$a12274$b40$c20130425$lBLL01$h1118
=CAT  \\$a12274$b40$c20130614$lBLL01$h1026
=CAT  \\$a12274$b40$c20130618$lBLL01$h1418
=CAT  \\$a12274$b40$c20130620$lBLL01$h1623
=CAT  \\$a12274$b40$c20130814$lBLL01$h1448
=CAT  \\$aBATCH-UPD$b40$c20140322$lBLL01$h1839
=CAT  \\$a12274$b40$c20140612$lBLL01$h1556
=CAT  \\$aW1711-1225$c20171203$lBLL01$h1045
=FIN  \\$aY$d20130419
=FMT  \\$a  MU
=LAS  \\$aW1711-1225$b00$c20171203$lBLL01$h1045
=STA  \\$aSUPPRESSED$bunable to determine reason for suppression

