=LDR  02271 cm a2200577 i 4500
=001  015949166
=003  Uk
=005  20140612163130.0
=006  m\\\\\\\\u\\||||||
=007  cr\|||||||||||
=008  111013s2007\\\\enksga\\odh\\\\n\\\\fre\\
=028  32$aKSS2$bSorabji Music Archive
=040  \\$aUk$beng$cUk$erda
=041  1\$afre$efre$eeng$geng$nfre
=042  \\$aukblsr
=082  04$a783.6642$223
=100  1\$aSorabji, Kaikhosru Shapurji,$d1892-1988,$ecomposer.
=245  10$aChrysilla :$bsong for soprano and piano : 1915 /$cKaikhosru Shapurji Sorabji.
=250  \\$aCritical edition by Marc-André Roberge : second impression, March 2009.
=264  \1$aBath, England :$bThe Sorabji Archive,$c2007.
=300  \\$a1 online resource (1 score (13 pages)) :$bPDF
=336  \\$anotated music$2rdacontent
=337  \\$acomputer$2rdamedia
=338  \\$aonline resource$2rdacarrier
=500  \\$aWords by Henri de Régnier.
=500  \\$aIncludes introduction and critical report in English.
=500  \\$aIncludes biographical note on the editor.
=500  \\$a"This edition ... is published on demand by the Sorabji Archive as a bound photocopy"--PDF title page.
=500  \\$aWords also presented separately with English translation.
=538  \\$aSystem requirements: Adobe Acrobat Reader.
=546  \\$aFrench words.
=546  \\$bStaff notation.
=600  10$aRégnier, Henri de,$d1864-1936$vMusical settings.
=650  \0$aSongs (High voice) with piano.
=650  \0$aSongs, French.
=700  1\$aRoberge, Marc-André,$eeditor.
=700  1\$aRégnier, Henri de,$d1864-1936.
=852  41$aBritish Library$bMUSIC$jDigital store
=CAT  \\$a12664$b40$c20111013$lBLL01$h1432
=CAT  \\$a12664$b40$c20111104$lBLL01$h1553
=CAT  \\$a12274$b40$c20130422$lBLL01$h1229
=CAT  \\$a12274$b40$c20130422$lBLL01$h1307
=CAT  \\$a12274$b40$c20130425$lBLL01$h1122
=CAT  \\$a12274$b40$c20130614$lBLL01$h1039
=CAT  \\$aBATCH-UPD$b40$c20131107$lBLL01$h2157
=CAT  \\$a12274$b40$c20140612$lBLL01$h1631
=CAT  \\$aW1711-1225$c20171203$lBLL01$h1045
=FIN  \\$aY$d20130422
=FMT  \\$a  MU
=LAS  \\$aW1711-1225$b00$c20171203$lBLL01$h1045
=STA  \\$aSUPPRESSED$bunable to determine reason for suppression

