=LDR  01964 cm a2200505 i 4500
=001  015949227
=003  Uk
=005  20140612163237.0
=006  m\\\\\\\\u\\||||||
=007  cr\|||||||||||
=008  111013s2005\\\\enksga\|oh|||||n\\|\ita\\
=028  32$aKSS36$bSorabji Music Archive
=040  \\$aUk$beng$cUk$erda
=041  0\$aita$geng
=042  \\$aukblsr
=082  04$a783.8847$223
=100  1\$aSorabji, Kaikhosru Shapurji,$d1892-1988,$ecomposer.
=240  10$aSonetti di Michelangelo Buonarroti
=245  10$aCinque sonetti di Michelangelo Buonarroti :$bfor baritone and chamber orchestra (1923) /$cKaikhosru Shapurji Sorabji.
=250  \\$aCritical edition by Marc-André Roberge.
=264  \1$aBath, England :$bThe Sorabji Archive,$c2005.
=300  \\$a1 online resource (1 score (91 pages)) :$bPDF
=336  \\$anotated music$2rdacontent
=337  \\$acomputer$2rdamedia
=338  \\$aonline resource$2rdacarrier
=500  \\$aFor baritone voice, flute, oboe, clarinet, bassoon, 4 violins, 2 violas, 2 cellos, contrabass and piano.
=500  \\$aIncludes introduction and critical report in English.
=546  \\$aItalian words.
=546  \\$bStaff notation.
=600  00$aMichelangelo Buonarroti,$d1475-1564$vMusical settings.
=600  00$aMichelangelo Buonarroti,$d1475-1564.
=650  \0$aSongs (Medium voice) with instrumental ensemble$vScores.
=650  \0$aSong cycles.
=700  1\$aRoberge, Marc-André,$eeditor.
=852  41$aBritish Library$bMUSIC$jDigital store
=CAT  \\$a12664$b40$c20111013$lBLL01$h1542
=CAT  \\$a12664$b40$c20111104$lBLL01$h1600
=CAT  \\$a12274$b40$c20130614$lBLL01$h1216
=CAT  \\$a12274$b40$c20130614$lBLL01$h1225
=CAT  \\$a12274$b40$c20140612$lBLL01$h1632
=CAT  \\$aW1711-1225$c20171203$lBLL01$h1045
=FIN  \\$aY$d20130614
=FMT  \\$a  MU
=LAS  \\$aW1711-1225$b00$c20171203$lBLL01$h1045
=STA  \\$aSUPPRESSED$bunable to determine reason for suppression

