=LDR  01746 cm a2200469 i 4500
=001  015949240
=003  Uk
=005  20140612163331.0
=006  m\\\\\\\\u\\||||||
=007  cr\|||||||||||
=008  111013s2004\\\\enkcoze|s||||||n\\|\zxx\\
=028  32$aKSS89$bSorabji Music Archive
=040  \\$aUk$beng$cUk$erda
=042  \\$aukblsr
=082  04$a783.8847$223
=100  1\$aSorabji, Kaikhosru Shapurji,$d1892-1988,$ecomposer.
=245  10$aConcertino non grosso :$bfor four violins, viola, and cello with piano obbligato quasi continuo (1968) /$cKaikhosru Shapurji Sorabji.
=250  \\$aCritical edition by Marc-André Roberge.
=264  \1$aBath, England :$bThe Sorabji Archive,$c2004.
=300  \\$a1 online resource (6 parts) :$bPDF
=336  \\$anotated music$2rdacontent
=337  \\$acomputer$2rdamedia
=338  \\$aonline resource$2rdacarrier
=500  \\$aWork composed 1968.
=500  \\$aPiano part not included.
=500  \\$aTitle from PDF title page (violin 1 part).
=546  \\$bStaff notation.
=650  \0$aSeptets (Piano, violins (4), viola, cello)$vParts.
=700  1\$aRoberge, Marc-André,$eeditor.
=852  41$aBritish Library$bMUSIC$jDigital store
=CAT  \\$a12664$b40$c20111013$lBLL01$h1551
=CAT  \\$a12664$b40$c20111013$lBLL01$h1609
=CAT  \\$a12664$b40$c20111104$lBLL01$h1601
=CAT  \\$a12274$b40$c20130614$lBLL01$h1246
=CAT  \\$a12274$b40$c20130614$lBLL01$h1248
=CAT  \\$a12274$b40$c20130614$lBLL01$h1251
=CAT  \\$a12274$b40$c20140612$lBLL01$h1633
=CAT  \\$aW1711-1225$c20171203$lBLL01$h1045
=FIN  \\$aY$d20130614
=FMT  \\$a  MU
=LAS  \\$aW1711-1225$b00$c20171203$lBLL01$h1045
=STA  \\$aSUPPRESSED$bunable to determine reason for suppression

