=LDR  01717 cm a2200469 i 4500
=001  015949247
=003  Uk
=005  20130816151319.0
=006  m\\\\\\\\u\\||||||
=007  cr\|||||||||||
=008  111013s2011\\\\enkzzl\|o||||||n\\|\zxx\\
=028  32$aKSS82$bSorabji Music Archive
=040  \\$aUk$beng$cUk$erda
=042  \\$aukblsr
=082  04$a786.8848$223
=100  1\$aSorabji, Kaikhosru Shapurji,$d1892-1988,$ecomposer.
=245  10$aSuggested bell-chorale for St. Luke's carillon :$b(1961) /$cKaikhosru Shapurji Sorabji.
=250  \\$aCritical edition /$bby Marc-André Roberge.
=264  \1$a[Bath] :$b[Sorabji Archive],$c[2011]
=300  \\$a1 online resource (1 score (v, 3 pages)) :$bPDF
=336  \\$anotated music$2rdacontent
=337  \\$acomputer$2rdamedia
=338  \\$aonline resource$2rdacarrier
=500  \\$aIncludes introduction and critical report in English.
=500  \\$a"This edition ... is made available on demand by the Sorabji Archive as a bound photocopy".
=500  \\$aTitle from PDF title page.
=500  \\$aPDF viewed on 16 August 2013.
=546  \\$bStaff notation.
=650  \0$aCarillon music.
=650  \0$aBells.
=650  \0$aChorales.
=700  1\$aRoberge, Marc-André,$d1955-$eeditor.
=852  41$aBritish Library$bMUSIC$jDigital store
=CAT  \\$a12664$b40$c20111013$lBLL01$h1600
=CAT  \\$a12664$b40$c20111104$lBLL01$h1604
=CAT  \\$a12274$b40$c20130816$lBLL01$h1513
=CAT  \\$aBATCH-UPD$b40$c20140322$lBLL01$h1839
=CAT  \\$aW1711-1225$c20171203$lBLL01$h1045
=FIN  \\$aY$d20130816
=FMT  \\$a  MU
=LAS  \\$aW1711-1225$b00$c20171203$lBLL01$h1045
=STA  \\$aSUPPRESSED$bunable to determine reason for suppression

