=LDR  01599 cm a2200433 i 4500
=001  015949250
=003  Uk
=005  20140612163222.0
=006  m\\\\\\\\u\\||||||
=007  cr\|||||||||||
=008  111013s2005\\\\enkzzz\|o||||||n\\|\zxx\\
=040  \\$aUk$beng$cUk$erda
=042  \\$aukblsr
=082  04$a785.8193$223
=100  1\$aSorabji, Kaikhosru Shapurji,$d1892-1988,$ecomposer.
=245  10$aFantasiettina atematica :$bfor oboe, flute, and clarinet in B-flat /$cKaikhosru Shapurji Sorabji.
=250  \\$aCritical edition /$bby Marc-André Roberge.
=264  \1$aBath, England :$bThe Sorabji Archive,$c2005.
=300  \\$a1 online resource (3 parts (various pagings)) :$bPDF
=336  \\$anotated music$2rdacontent
=337  \\$acomputer$2rdamedia
=338  \\$aonline resource$2rdacarrier
=500  \\$aWork composed 1981.
=500  \\$aTitle from PDF title page (oboe part).
=546  \\$bStaff notation.
=650  \0$aWoodwind trios (Clarinet, flute, oboe)$vParts.
=700  1\$aRoberge, Marc-André,$d1955-$eeditor.
=852  41$aBritish Library$bMUSIC$jDigital store
=CAT  \\$a12664$b40$c20111013$lBLL01$h1606
=CAT  \\$a12664$b40$c20111013$lBLL01$h1609
=CAT  \\$a12664$b40$c20111104$lBLL01$h1605
=CAT  \\$a12274$b40$c20130618$lBLL01$h1408
=CAT  \\$aBATCH-UPD$b40$c20140322$lBLL01$h1839
=CAT  \\$a12274$b40$c20140612$lBLL01$h1632
=CAT  \\$aW1711-1225$c20171203$lBLL01$h1045
=FIN  \\$aY$d20130618
=FMT  \\$a  MU
=LAS  \\$aW1711-1225$b00$c20171203$lBLL01$h1045
=STA  \\$aSUPPRESSED$bunable to determine reason for suppression

