=LDR  01723 cm a2200457 i 4500
=001  015949255
=003  Uk
=005  20140612163323.0
=006  m\\\\\\\\u\\||||||
=007  cr\|||||||||||
=008  111216s2004\\\\enkzzze|o||||||n\\|\zxx\\
=028  32$aKSS99$bSorabji Music Archive
=040  \\$aUk$beng$cUk$erda
=042  \\$aukblsr
=082  04$a785.44195$223
=100  1\$aSorabji, Kaikhosru Shapurji,$d1892-1988,$ecomposer.
=245  13$aIl tessuto d'arabeschi :$bfor flute and string quartet (1979) /$cKaikhosru Shapurji Sorabji.
=250  \\$aCritical edition /$bby Marc-André Roberge.
=264  \1$aBath, England :$bThe Sorabji Archive,$c2004.
=300  \\$a1 online resource (5 parts (various pagings)) :$bPDF
=336  \\$anotated music$2rdacontent
=337  \\$acomputer$2rdamedia
=338  \\$aonline resource$2rdacarrier
=500  \\$a"To the memory of Delius"--caption.
=500  \\$aTitle from PDF title page (flute part).
=546  \\$bStaff notation.
=650  \0$aQuintets (Flute, violins (2), viola, cello)$vParts.
=700  1\$aRoberge, Marc-André,$d1955-$eeditor.
=700  1\$aDelius, Frederick,$d1862-1934,$ededicatee.
=852  41$aBritish Library$bMUSIC$jDigital store
=CAT  \\$a12664$b40$c20111013$lBLL01$h1615
=CAT  \\$a12664$b40$c20111104$lBLL01$h1608
=CAT  \\$a12274$b40$c20130619$lBLL01$h1311
=CAT  \\$a12274$b40$c20130619$lBLL01$h1314
=CAT  \\$aBATCH-UPD$b40$c20140322$lBLL01$h1839
=CAT  \\$a12274$b40$c20140612$lBLL01$h1633
=CAT  \\$aW1711-1225$c20171203$lBLL01$h1045
=FIN  \\$aY$d20130619
=FMT  \\$a  MU
=LAS  \\$aW1711-1225$b00$c20171203$lBLL01$h1045
=STA  \\$aSUPPRESSED$bunable to determine reason for suppression

