=LDR  01837 cm a2200493 i 4500
=001  015949258
=003  Uk
=005  20140612162944.0
=006  m\\\\\\\\u\\||||||
=007  cr\|||||||||||
=008  111013t20092007enksga\|o||||||n\\|\eng\\
=028  32$aKSS88$bSorabji Music Archive
=040  \\$aUk$beng$cUk$erda
=042  \\$aukblsr
=082  04$a783.8842$223
=100  1\$aSorabji, Kaikhosru Shapurji,$d1892-1988,$ecomposer.
=245  10$aFrammento cantato :$bsong for baritone and piano : 1967 /$cKaikhosru Shapurji Sorabji ; author, Harold Morland.
=250  \\$aCritical edition /$bby Marc-André Roberge.
=264  \1$aBath, England :$bThe Sorabji Archive,$c2009.
=264  \4$c©2007
=300  \\$a1 online resource (1 score (unpaged)) :$bPDF
=336  \\$anotated music$2rdacontent
=337  \\$acomputer$2rdamedia
=338  \\$aonline resource$2rdacarrier
=500  \\$aIncludes introduction and critical report.
=530  \\$aEdition published on demand by Sorabji Archive as a bound photocopy.
=538  \\$aSystem requirements: Adobe Acrobat Reader.
=546  \\$aEnglish words.
=546  \\$bStaff notation.
=600  10$aMorland, Harold$vMusical settings.
=650  \0$aSongs (Medium voice) with piano.
=700  1\$aRoberge, Marc-André,$d1955-$eeditor.
=700  1\$aMorland, Harold.
=852  41$aBritish Library$bMUSIC$jDigital store
=CAT  \\$a12664$b40$c20111013$lBLL01$h1624
=CAT  \\$a12664$b40$c20111104$lBLL01$h1615
=CAT  \\$a12274$b40$c20130618$lBLL01$h1804
=CAT  \\$aBATCH-UPD$b40$c20140322$lBLL01$h1839
=CAT  \\$a12274$b40$c20140612$lBLL01$h1629
=CAT  \\$aW1711-1225$c20171203$lBLL01$h1045
=FIN  \\$aY$d20130618
=FMT  \\$a  MU
=LAS  \\$aW1711-1225$b00$c20171203$lBLL01$h1045
=STA  \\$aSUPPRESSED$bunable to determine reason for suppression

