=LDR  01699 cm a2200469 i 4500
=001  015953603
=003  Uk
=005  20130828165958.0
=006  m\\\\\\\\u\\||||||
=007  cr\|||||||||||
=008  111021s2008\\\\enkzzl\|o||||||n\\|\zxx\\
=028  30$aKSS 100$bSorabji Music Archive
=040  \\$aUk$beng$cUk$erda
=042  \\$aukblsr
=082  04$a786.2$223
=100  1\$aSorabji, Kaikhosru Shapurji,$d1892-1988,$ecomposer.
=245  10$aVilla Tasca :$bmezzogiorno Siciliano : evocazione nostalgica : ('Le fier silence de midi') /$cKaikhosru Shapurji Sorabji (composed 1979-80).
=250  \\$aEdition and typesetting by Simon J. Abrahams.
=264  \1$a[Bath, England] :$b[Sorabji Music Archive],$c[2008]
=264  \4$c©2008
=300  \\$a1 online resource (1 score (46 pages)) :$bPDF
=336  \\$anotated music$2rdacontent
=337  \\$acomputer$2rdamedia
=338  \\$aonline resource$2rdacarrier
=500  \\$aFor piano.
=500  \\$aDedicated to Ronald Stevenson.
=500  \\$aTitle from PDF caption title.
=500  \\$aPDF viewed on 28 August 2013.
=546  \\$bStaff notation.
=650  \0$aPiano music.
=700  1\$aAbrahams, Simon,$eeditor.
=700  1\$aStevenson, Ronald,$d1928-2015,$ededicatee.
=852  41$aBritish Library$bMUSIC$jDigital store
=CAT  \\$a12664$b40$c20111021$lBLL01$h0956
=CAT  \\$a12664$b40$c20111104$lBLL01$h1616
=CAT  \\$a12274$b40$c20130828$lBLL01$h1659
=CAT  \\$aBATCH-UPD$b40$c20150402$lBLL01$h2139
=CAT  \\$aW1711-1225$c20171203$lBLL01$h1045
=FIN  \\$aY$d20130828
=FMT  \\$a  MU
=LAS  \\$aW1711-1225$b00$c20171203$lBLL01$h1045
=STA  \\$aSUPPRESSED$bunable to determine reason for suppression

