=LDR  01705 cm a2200469 i 4500
=001  015953614
=003  Uk
=005  20131001144236.0
=006  m\\\\\\\\u\\||||||
=007  cr\|||||||||||
=008  111021s2005\\\\enkvrl\|o||||||n\\|\zxx\\
=028  30$aKSS 93$bSorabji Music Archive
=040  \\$aUk$beng$cUk$erda
=042  \\$aukblsr
=082  04$a786.21825$223
=100  1\$aSorabji, Kaikhosru Shapurji,$d1892-1988,$ecomposer.
=240  10$aVariazione maliziosa e perversa
=245  10$aVariazione maliziosa e perversa sopra 'La morte d'Ase' da Grieg /$cKaikhosru Sorabji (1974) ; edition by Chris Rice.
=264  \1$a[Bath, England] :$b[Sorabji Music Archive],$c[2005?]
=264  \4$c©2005
=300  \\$a1 online resource (1 score (2 pages)) :$bPDF
=336  \\$anotated music$2rdacontent
=337  \\$acomputer$2rdamedia
=338  \\$aonline resource$2rdacarrier
=500  \\$aFor piano.
=500  \\$a"Typeset from a handwritten edition by Chris Rice"--PDF caption.
=500  \\$aTitle from PDF caption title.
=500  \\$aPDF viewed on 28 August 2013.
=546  \\$bStaff notation.
=650  \0$aVariations (Piano)
=700  1\$aRice, Chris$c(Record producer),$eeditor.
=852  41$aBritish Library$bMUSIC$jDigital store
=CAT  \\$a12664$b40$c20111021$lBLL01$h1037
=CAT  \\$a12664$b40$c20111104$lBLL01$h1617
=CAT  \\$a12274$b40$c20130828$lBLL01$h1649
=CAT  \\$a12274$b40$c20130828$lBLL01$h1650
=CAT  \\$a10743$b40$c20131001$lBLL01$h1442
=CAT  \\$aW1711-1225$c20171203$lBLL01$h1045
=FIN  \\$aY$d20130828
=FMT  \\$a  MU
=LAS  \\$aW1711-1225$b00$c20171203$lBLL01$h1045
=STA  \\$aSUPPRESSED$bunable to determine reason for suppression

