=LDR  01691 cm a2200469 i 4500
=001  015953625
=003  Uk
=005  20140529142602.0
=006  m\\\\\\\\u\\||||||
=007  cr\|||||||||||
=008  111021s2011\\\\enkwzl\|o||||||n\\|\zxx\\
=028  30$aKSS 15$bSorabji Music Archive
=040  \\$aUk$beng$cUk$erda
=042  \\$aukblsr
=082  04$a786.218846$223
=100  1\$aSorabji, Kaikhosru Shapurji,$d1892-1988,$ecomposer.
=240  10$aValse fantaisie
=245  10$aValse-fantaisie /$cKaikhosru Sorabji.
=250  \\$aCorrected edition /$bby Donna Amato and Chris Rice (1993).
=264  \1$a[Bath, England] :$b[Sorabji Music Archive],$c[2011]
=300  \\$a1 online resource (1 score (35 pages))
=336  \\$anotated music$2rdacontent
=337  \\$acomputer$2rdamedia
=338  \\$aonline resource$2rdacarrier
=347  \\$aPDF$brda
=534  \\$pElectronic reproduction of (manifestation):$aSorabji, Kaikhosru Shapurji, 1892-1988.$tValse-fantaisie.$cLondon : J. Curwen and Sons Ltd., [1927].
=546  \\$bStaff notation.
=650  \0$aPiano music.
=650  \0$aWaltzes.
=700  1\$aAmato, Donna,$eeditor.
=700  1\$aRice, Chris$c(Record producer)
=852  41$aBritish Library$bMUSIC$jDigital store
=CAT  \\$a12664$b40$c20111021$lBLL01$h1047
=CAT  \\$a12664$b40$c20111104$lBLL01$h1618
=CAT  \\$a12274$b40$c20130828$lBLL01$h1511
=CAT  \\$a10743$b40$c20131001$lBLL01$h1443
=CAT  \\$a12274$b40$c20140529$lBLL01$h1426
=CAT  \\$aW1711-1225$c20171203$lBLL01$h1045
=FIN  \\$aY$d20130828
=FMT  \\$a  MU
=LAS  \\$aW1711-1225$b00$c20171203$lBLL01$h1045
=STA  \\$aSUPPRESSED$bunable to determine reason for suppression

