=LDR  01537 cm a2200421 i 4500
=001  015953631
=003  Uk
=005  20140529142431.0
=006  m\\\\\\\\u\\||||||
=007  cr\|||||||||||
=008  111021s2011\\\\enkzzl\|o||||||n\\|\zxx\\
=040  \\$aUk$beng$cUk$erda
=042  \\$aukblsr
=082  04$a786.2$223
=100  1\$aSorabji, Kaikhosru Shapurji,$d1892-1988,$ecomposer.
=240  10$aPieces,$mpiano
=245  10$aTwo piano pieces :$bI. In the hothouse : II. Toccata /$cKaikhosru Sorabji.
=264  \1$a[Bath, England] :$b[Sorabji Music Archive],$c[2011]
=300  \\$a1 online resource (1 score (21 pages))
=336  \\$anotated music$2rdacontent
=337  \\$acomputer$2rdamedia
=338  \\$aonline resource$2rdacarrier
=347  \\$aPDF$2rda
=534  \\$pElectronic reproduction of (manifestation):$aSorabji, Kaikhosru Shapurji, 1892-1988.$tTwo piano pieces.$cLondon : London and Continental Music Publishing Co., [1921].
=546  \\$bStaff notation.
=650  \0$aPiano music.
=650  \0$aToccatas.
=852  41$aBritish Library$bMUSIC$jDigital store
=CAT  \\$a12664$b40$c20111021$lBLL01$h1058
=CAT  \\$a12664$b40$c20111021$lBLL01$h1100
=CAT  \\$a12664$b40$c20111110$lBLL01$h1603
=CAT  \\$a12274$b40$c20130821$lBLL01$h1540
=CAT  \\$a12274$b40$c20140529$lBLL01$h1424
=CAT  \\$aW1711-1225$c20171203$lBLL01$h1045
=FIN  \\$aY$d20130821
=FMT  \\$a  MU
=LAS  \\$aW1711-1225$b00$c20171203$lBLL01$h1045
=STA  \\$aSUPPRESSED$bunable to determine reason for suppression

