=LDR  01912 cm a2200481 i 4500
=001  015953661
=003  Uk
=005  20140612163002.0
=006  m\\\\\\\\u\\||||||
=007  cr\|||||||||||
=008  111021s2009\\\\enkzzl\|o||||||n\\|\zxx\\
=040  \\$aUk$beng$cUk$erda
=042  \\$aukblsr
=082  04$a786.2$223
=100  1\$aSorabji, Kaikhosru Shapurji,$d1892-1988,$ecomposer.
=240  10$aPastiches.$pChopin, Valse, op. 64, no. 1
=245  10$aPastiche on the 'Minute waltz' by Chopin :$bfor piano (1922) /$cKaikhosru Shapurji Sorabji.
=250  \\$aCritical edition /$bby Marc-André Roberge.
=264  \1$aBath, England :$bThe Sorabji Archive,$c2009.
=300  \\$a1 online resource (1 score (viii, 36 pages)) :$bPDF
=336  \\$anotated music$2rdacontent
=337  \\$acomputer$2rdamedia
=338  \\$aonline resource$2rdacarrier
=500  \\$aFor piano.
=500  \\$aImitation of (work): Chopin, Frédéric, 1810-1849. Waltzes, piano, op. 64. No. 1.
=500  \\$aIncludes introduction and critical report in English.
=500  \\$a"This edition ... is made available on demand by the Sorabji Archive as a bound photocopy".
=546  \\$bStaff notation.
=650  \0$aPiano music.
=700  1\$aRoberge, Marc-André,$d1955-$eeditor.
=700  1\$aChopin, Frédéric,$d1810-1849.$tWaltzes,$mpiano,$nop. 64.$nNo. 1.
=852  41$aBritish Library$bMUSIC$jDigital store
=CAT  \\$a12664$b40$c20111021$lBLL01$h1128
=CAT  \\$a12664$b40$c20111021$lBLL01$h1141
=CAT  \\$a12664$b40$c20111110$lBLL01$h1604
=CAT  \\$a12274$b40$c20130813$lBLL01$h1649
=CAT  \\$aBATCH-UPD$b40$c20140322$lBLL01$h1839
=CAT  \\$a12274$b40$c20140612$lBLL01$h1630
=CAT  \\$aW1711-1225$c20171203$lBLL01$h1045
=FIN  \\$aY$d20130813
=FMT  \\$a  MU
=LAS  \\$aW1711-1225$b00$c20171203$lBLL01$h1045
=STA  \\$aSUPPRESSED$bunable to determine reason for suppression

