=LDR  01394 cm a2200421 i 4500
=001  015953699
=003  Uk
=005  20130821101219.0
=006  m\\\\\\\\u\\||||||
=007  cr\|||||||||||
=008  111021s2011\\\\enktcl\|o||||||n\\|\zxx\\
=028  32$aKSS 57$bSorabji Music Archive
=040  \\$aUk$beng$cUk$erda
=042  \\$aukblsr
=082  04$a786.218947$223
=100  1\$aSorabji, Kaikhosru Shapurji,$d1892-1988,$ecomposer.
=240  10$aToccatas,$mpiano,$nno. 1
=245  10$aToccata seconda /$cSorabji.
=264  \1$a[Bath, England] :$b[Sorabji Music Archive],$c[2011]
=300  \\$a1 online resource (1 score (164 pages)) :$bPDF
=336  \\$anotated music$2rdacontent
=337  \\$acomputer$2rdamedia
=338  \\$aonline resource$2rdacarrier
=500  \\$aTitle from PDF caption title.
=500  \\$aPDF viewed on 21 August 2013.
=546  \\$bStaff notation.
=650  \0$aToccatas.
=650  \0$aPiano music.
=852  41$aBritish Library$bMUSIC$jDigital store
=CAT  \\$a12664$b40$c20111021$lBLL01$h1205
=CAT  \\$a12664$b40$c20111021$lBLL01$h1321
=CAT  \\$a12664$b40$c20111110$lBLL01$h1606
=CAT  \\$a12274$b40$c20130821$lBLL01$h1012
=CAT  \\$aW1711-1225$c20171203$lBLL01$h1045
=FIN  \\$aY$d20130821
=FMT  \\$a  MU
=LAS  \\$aW1711-1225$b00$c20171203$lBLL01$h1045
=STA  \\$aSUPPRESSED$bunable to determine reason for suppression

