=LDR  01582 cm a2200457 i 4500
=001  015953730
=003  Uk
=005  20131210160147.0
=006  m\\\\\\\\u\\||||||
=007  cr\|||||||||||
=008  111021s2011\\\\enksnl\|o||||||n\\|\zxx\\
=028  32$aKSS 9$bSorabji Music Archive
=040  \\$aUk$beng$cUk$erda
=042  \\$aukblsr
=082  04$a786.2183$223
=100  1\$aSorabji, Kaikhosru Shapurji,$d1892-1988,$ecomposer.
=240  10$aSonatas,$mpiano,$nop. 7
=245  10$aSonata, opus VII /$cKaikhosru Sorabji ; [edited by] Frazer Jarvis.
=264  \1$a[Bath, England] :$b[Sorabji Music Archive],$c[2011]
=300  \\$a1 online resource (1 score (36 pages)) :$bPDF
=336  \\$anotated music$2rdacontent
=337  \\$acomputer$2rdamedia
=338  \\$aonline resource$2rdacarrier
=500  \\$aDate of edition 2007.
=500  \\$aTitle from PDF caption title.
=500  \\$aPDF viewed on 16 August 2013.
=546  \\$bStaff notation.
=650  \0$aSonatas (Piano)
=700  1\$aJarvis, Frazer,$eeditor.
=852  41$aBritish Library$bMUSIC$jDigital store
=CAT  \\$a12664$b40$c20111021$lBLL01$h1322
=CAT  \\$a12664$b40$c20111021$lBLL01$h1329
=CAT  \\$a12664$b40$c20111110$lBLL01$h1607
=CAT  \\$a12274$b40$c20130816$lBLL01$h1301
=CAT  \\$a12274$b40$c20130816$lBLL01$h1407
=CAT  \\$a12418$b40$c20131210$lBLL01$h1601
=CAT  \\$aW1711-1225$c20171203$lBLL01$h1045
=FIN  \\$aY$d20130816
=FMT  \\$a  MU
=LAS  \\$aW1711-1225$b00$c20171203$lBLL01$h1045
=STA  \\$aSUPPRESSED$bunable to determine reason for suppression

