=LDR  01358 cm a2200409 i 4500
=001  015953731
=003  Uk
=005  20130815135729.0
=006  m\\\\\\\\u\\||||||
=007  cr\|||||||||||
=008  111021s2011\\\\enkzzl\|o||||||n\\|\zxx\\
=028  32$aKSS 79$bSorabji Music Archive
=040  \\$aUk$beng$cUk$erda
=042  \\$aukblsr
=082  04$a786.2$223
=100  1\$aSorabji, Kaikhosru Shapurji,$d1892-1988,$ecomposer.
=245  10$aRosario d'arabeschi /$cKaikhosru Shapurji Sorabji.
=264  \1$a[Bath, England] :$b[Sorabji Music Archive],$c[2011]
=300  \\$a1 online resource (1 score (44 pages)) :$bPDF
=336  \\$anotated music$2rdacontent
=337  \\$acomputer$2rdamedia
=338  \\$aonline resource$2rdacarrier
=500  \\$aFor piano.
=500  \\$aWork composed 1956.
=500  \\$aTitle from PDF caption title.
=500  \\$aPDF viewed on 15 August 2013.
=546  \\$bStaff notation.
=650  \0$aPiano music.
=852  41$aBritish Library$bMUSIC$jDigital store
=CAT  \\$a12664$b40$c20111021$lBLL01$h1329
=CAT  \\$a12664$b40$c20111110$lBLL01$h1608
=CAT  \\$a12274$b40$c20130815$lBLL01$h1357
=CAT  \\$aW1711-1225$c20171203$lBLL01$h1045
=FIN  \\$aY$d20130815
=FMT  \\$a  MU
=LAS  \\$aW1711-1225$b00$c20171203$lBLL01$h1045
=STA  \\$aSUPPRESSED$bunable to determine reason for suppression

