=LDR  01623 cm a2200445 i 4500
=001  015953739
=003  Uk
=005  20141204145241.0
=006  m\\\\\\\\u\\||||||
=007  cr\|||||||||||
=008  111021s2011\\\\enkzzl\|s||||||n\\|\zxx\\
=028  32$aKSS 33$bSorabji Music Archive
=040  \\$aUk$beng$cUk$erda
=042  \\$aukblsr
=082  04$a786.2$223
=100  1\$aRavel, Maurice,$d1875-1937,$ecomposer.
=240  10$aRapsodie espagnole;$oarranged
=245  10$aRapsodie espagnole /$cRavel ; transcription de concert Kaikhosru Shapurji Sorabji, MCMXXIII.
=264  \1$a[Bath, England] :$b[Sorabji Music Archive],$c[2011]
=300  \\$a1 online resource (1 score (30 pages)) :$bPDF
=336  \\$anotated music$2rdacontent
=337  \\$acomputer$2rdamedia
=338  \\$aonline resource$2rdacarrier
=500  \\$aArranged for piano; originally for orchestra.
=546  \\$bStaff notation.
=650  \0$aPiano music, Arranged.
=700  1\$aSorabji, Kaikhosru Shapurji,$d1892-1988,$earranger of music.
=852  41$aBritish Library$bMUSIC$jDigital store
=CAT  \\$a12664$b40$c20111021$lBLL01$h1341
=CAT  \\$a12664$b40$c20111021$lBLL01$h1344
=CAT  \\$a12664$b40$c20111110$lBLL01$h1608
=CAT  \\$a12274$b40$c20130814$lBLL01$h1738
=CAT  \\$a12274$b40$c20130814$lBLL01$h1739
=CAT  \\$a12274$b40$c20140612$lBLL01$h1557
=CAT  \\$a11814$b40$c20141204$lBLL01$h1452
=CAT  \\$aW1711-1225$c20171203$lBLL01$h1045
=FIN  \\$aY$d20130814
=FMT  \\$a  MU
=LAS  \\$aW1711-1225$b00$c20171203$lBLL01$h1045
=STA  \\$aSUPPRESSED$bunable to determine reason for suppression

