=LDR  01692 cm a2200457 i 4500
=001  015953743
=003  Uk
=005  20130814174701.0
=006  m\\\\\\\\u\\||||||
=007  cr\|||||||||||
=008  111021s2011\\\\enkzzl\|o||||||n\\|\zxx\\
=028  32$aKSS 67$bSorabji Music Archive
=040  \\$aUk$beng$cUk$erda
=042  \\$aukblsr
=082  04$a786.2$223
=100  1\$aRavel, Maurice,$d1875-1937,$ecomposer.
=240  10$aRapsodie espagnole;$oarranged
=245  10$aRapsodie espagnole /$cMaurice Ravel (1907) ; transcription de concert par Kaikhosru Sorabji (1945) ; [edited by] Jason Acuña and Frazer Jarvis.
=264  \1$a[Bath, England] :$b[Sorabji Music Archive],$c[2011]
=300  \\$a1 online resource (1 score (33 pages)) :$bPDF
=336  \\$anotated music$2rdacontent
=337  \\$acomputer$2rdamedia
=338  \\$aonline resource$2rdacarrier
=500  \\$aArranged for piano; originally for orchestra.
=500  \\$aDate of edition 2008.
=500  \\$aTitle from PDF caption title.
=500  \\$aPDF viewed on 14 August 2013.
=546  \\$bStaff notation.
=650  \0$aPiano music, Arranged.
=700  1\$aSorabji, Kaikhosru Shapurji,$d1892-1988,$earranger of music.
=700  1\$aAcuña, Jason,$eeditor.
=700  1\$aJarvis, Frazer,$eeditor.
=852  41$aBritish Library$bMUSIC$jDigital store
=CAT  \\$a12664$b40$c20111021$lBLL01$h1348
=CAT  \\$a12664$b40$c20111110$lBLL01$h1609
=CAT  \\$a12274$b40$c20130814$lBLL01$h1747
=CAT  \\$aW1711-1225$c20171203$lBLL01$h1045
=FIN  \\$aY$d20130814
=FMT  \\$a  MU
=LAS  \\$aW1711-1225$b00$c20171203$lBLL01$h1045
=STA  \\$aSUPPRESSED$bunable to determine reason for suppression

