=LDR  01597 cm a2200433 i 4500
=001  015953746
=003  Uk
=005  20140612163027.0
=006  m\\\\\\\\u\\||||||
=007  cr\|||||||||||
=008  111021s2009\\\\enkzzl\|o||||||n\\|\zxx\\
=040  \\$aUk$beng$cUk$erda
=042  \\$aukblsr
=082  04$a786.2$223
=100  1\$aSorabji, Kaikhosru Shapurji,$d1892-1988,$ecomposer.
=245  10$aQuasi habanera :$b(1917) : piano solo /$cKaikhosru Shapurji Sorabji.
=250  \\$aCritical edition /$bby Marc-André Roberge.
=264  \1$aBath, England :$bThe Sorabji Music Archive,$c2009.
=300  \\$a1 online resource (1 score (17 pages)) :$bPDF
=336  \\$anotated music$2rdacontent
=337  \\$acomputer$2rdamedia
=338  \\$aonline resource$2rdacarrier
=500  \\$aFor piano.
=500  \\$aIncludes introduction and critical report in English.
=500  \\$a"This edition ... is made available on demand by the Sorabji Archive as a bound photocopy".
=546  \\$bStaff notation.
=650  \0$aPiano music.
=700  1\$aRoberge, Marc-André,$d1955-$eeditor.
=852  41$aBritish Library$bMUSIC$jDigital store
=CAT  \\$a12664$b40$c20111021$lBLL01$h1356
=CAT  \\$a12664$b40$c20111110$lBLL01$h1610
=CAT  \\$a12274$b40$c20130814$lBLL01$h1620
=CAT  \\$aBATCH-UPD$b40$c20140322$lBLL01$h1839
=CAT  \\$a12274$b40$c20140612$lBLL01$h1630
=CAT  \\$aW1711-1225$c20171203$lBLL01$h1045
=FIN  \\$aY$d20130814
=FMT  \\$a  MU
=LAS  \\$aW1711-1225$b00$c20171203$lBLL01$h1045
=STA  \\$aSUPPRESSED$bunable to determine reason for suppression

