=LDR  05471 cm a2200781 i 4500
=001  015953756
=003  Uk
=005  20140612162320.0
=006  m\\\\\\\\u\\||||||
=007  cr\|||||||||||
=008  111021s2011\\\\enkzzz\\o\\\\\\n\\\\zxx\\
=040  \\$aUk$beng$cUk$erda
=042  \\$aukblsr
=082  04$a786.2$223
=100  1\$aSorabji, Kaikhosru Shapurji,$d1892-1988,$ecomposer.
=240  10$aFrammenti aforistici$n(1977)
=245  10$a4 frammenti aforistichi :$b1977 /$cKaikhosru Shapurji Sorabji ; second version by Lukas Huisman.
=264  \1$a[Bath] :$b[Sorabji Music Archive],$c[2011]
=300  \\$a1 online resource (1 score (1 unnumbered page)) :$bPDF
=336  \\$anotated music$2rdacontent
=337  \\$acomputer$2rdamedia
=338  \\$aonline resource$2rdacarrier
=500  \\$aFor piano.
=500  \\$aFirst edition by Gordon Rumson included expression marks and altered notes which have been omitted from this version by Lukas Huisman.
=500  \\$aIncludes preface.
=538  \\$aSystem requirements: Adobe Acrobat Reader.
=546  \\$bStaff notation.
=650  \0$aPiano music.
=700  1\$aHuisman, Lukas,$eeditor.
=852  41$aBritish Library$bMUSIC$jDigital store
=985  \\$aComment : Data entered in 240 {dollar}n seems to be date of the work rather than number of part / section as defined by MARC21 and numeric designation of musical work as defined at RDA 6.16. Response : I know this isn't right but name/title here is as on NACO. Response from Andra : this is correct - see MARC X30 {dollar}n: "In music uniform titles, the serial, opus, or thematic index number, or a date used to distinguish one work from another, is contained in subfield {dollar}n"
=985  \\$aComment : subunits of extent recorded correctly following 3.4.1.7.5 in conjunction with 3.4.3.2.
=985  \\$aComment : Examples at RDA 3.4.3.2 suggest the user should record unnumbered pages of notated music using the term "unnumbered" rather than parentheses. Alternatively, 3.4.5.3 c) specifies that "1 volumne (unpaged)" can be used. The same would apply to a score or other unit of extent. Response : have changed to '1 unnumbered page'.
=985  \\$aComment : the term "digital" used in 300 {dollar}b is only applicable for encoded audio playback as specified at 3.16.2.3.
=985  \\$aComment : the term "file" used in 300 {dollar}b is not speficied at 3.19.3. Response : Have changed to simply 'PDF' following 3.19.3.3.
=985  \\$aComment : If the resource represents a new edition then supply a designation of edition following 2.5.2.2 or a named revision of the edition following 2.5.6.2.
=985  \\$aComment : There is no note for medium of performance in RDA. The 382 field could be used instead. Response : Still considering use of 382 field. 382 maps to 6.15, but scope note at 6.15.1.1 says 'Medium of performance is instrument, instruments, voice, voices, etc., for which a musical work was ORIGINALLY CONCEIVED'. We use 500 general note with much wider scope than this. Will discuss. Response from Andra : There is a note for medium of performance at RDA 7.21. MARC 382 says "For manifestations: the instrumental, vocal, and/or other medium of performance embodied in the manifestation. For works and expressions: the instrumental, vocal, and/or other medium of performance for which a musical work was originally conceived or for which a musical expression is written or performed. May be used to differentiate a musical work or expression from another with the same title." However, at present there is no instruction in RDA to record the medium of performance for manifestations or expressions in a structured way - this is currently only for works (6.15.1.1).
=985  \\$aComment : Preface correctly recorded following 7.16, system requirements correctly recorded following 3.20.1.3, staff notation correctly recorded following 7.13.3.3.
=985  \\$aComment from Andra : no need to record 546 {dollar}b unless "considered important for identification or selection" (7.13.3.4), but Lc-PCC PS for 7.13.3 says form of musical notation is a core element for LC/PCC
=CAT  \\$a12664$b40$c20111021$lBLL01$h1408
=CAT  \\$a12664$b40$c20111110$lBLL01$h1611
=CAT  \\$a12664$b40$c20111117$lBLL01$h1532
=CAT  \\$a12418$b40$c20111201$lBLL01$h1424
=CAT  \\$a12274$b40$c20120629$lBLL01$h1259
=CAT  \\$a12274$b40$c20120629$lBLL01$h1301
=CAT  \\$a12274$b40$c20120703$lBLL01$h1341
=CAT  \\$a12274$b40$c20120703$lBLL01$h1603
=CAT  \\$a12274$b40$c20120703$lBLL01$h1706
=CAT  \\$a12274$b40$c20120703$lBLL01$h1731
=CAT  \\$a12274$b40$c20120705$lBLL01$h1340
=CAT  \\$a11169$b40$c20120807$lBLL01$h0952
=CAT  \\$a12274$b40$c20120810$lBLL01$h1001
=CAT  \\$a12274$b40$c20120810$lBLL01$h1042
=CAT  \\$a12418$b40$c20121005$lBLL01$h0938
=CAT  \\$a12418$b40$c20121005$lBLL01$h0946
=CAT  \\$a12418$b40$c20121005$lBLL01$h0957
=CAT  \\$a12418$b40$c20121005$lBLL01$h1001
=CAT  \\$a12418$b40$c20121005$lBLL01$h1006
=CAT  \\$a12418$b40$c20121113$lBLL01$h1342
=CAT  \\$a12274$b40$c20130422$lBLL01$h1419
=CAT  \\$a12274$b40$c20130425$lBLL01$h1120
=CAT  \\$a12274$b40$c20130614$lBLL01$h1034
=CAT  \\$a12274$b40$c20140612$lBLL01$h1623
=CAT  \\$aW1711-1225$c20171203$lBLL01$h1045
=FIN  \\$aY$d20120629
=FMT  \\$a  MU
=LAS  \\$aW1711-1225$b00$c20171203$lBLL01$h1045
=STA  \\$aSUPPRESSED$bunable to determine reason for suppression

