=LDR  03088 cm a2200589 i 4500
=001  015953759
=003  Uk
=005  20140612162314.0
=006  m\\\\|\\\d\|\\\\\\
=007  cr||||||||||||
=008  111021s2011\\\\xxczzz\\o\\\\\\n\\\\zxx\\
=040  \\$aUk$beng$cUk$erda
=042  \\$aukblsr
=082  04$a786.2$223
=100  1\$aSorabji, Kaikhosru Shapurji,$d1892-1988,$ecomposer.
=240  10$aFrammenti aforistici$n(1977)
=245  10$a4 frammenti aforistici :$bfor solo piano /$cKaikhosru Shapurji Sorabji ; edited by Gordon Rumson.
=264  \1$a[Bath, England] :$b[Sorabji Music Archive],$c[2011]
=300  \\$a1 online resource (1 score (3, [2] pages)) :$bdigital, PDF file
=336  \\$anotated music$2rdacontent
=337  \\$acomputer$2rdamedia
=338  \\$aonline resource$2rdacarrier
=500  \\$aFor piano.
=500  \\$aIncludes editorial notes.
=538  \\$aSystem requirements: Adobe Acrobat Reader.
=546  \\$bStaff notation.
=650  \0$aPiano music.
=700  1\$aRumson, Gordon,$eeditor.
=776  0\$iAlso issued as:$aSorabji, Kaikhosru Shapurji, 1892-1988.$tFrammenti aforistici (1977).$dCalgary, Alberta, Canada : Sikesdi Press, [1994], ©1991
=852  41$aBritish Library$bMUSIC$jDigital store
=985  \\$aComment : The relationship designator "composer" could be added to the 100 field. Response : Will re-visit after reading the discussion of this topic in my in-box!
=985  \\$aComment : "Print version" is not a prescribed relationship designator in Appendix J. Response : Have changed |i in 776 to 'Also issued as'. (But would it 'support the user task' better to specify that the related manifestation is a print version? 'Also issued as' doesn't make this clear. Possible to follow instruction at J1 'If none of the terms listed in this appendix is appropriate or sufficiently specific, use a term indicating the nature of the relationship as concisely as possible'?? ).
=985  \\$aComment : No LKR field present in this or related record (SYS 05282889) Response : I've never used a LKR field! Will look them up...
=985  \\$aComment : See SYS 015953756 for comments re numbering of part, unnumbered pages, type of recording, encoding format and medium of performance.
=CAT  \\$a12664$b40$c20111021$lBLL01$h1413
=CAT  \\$a12664$b40$c20111110$lBLL01$h1611
=CAT  \\$a12664$b40$c20111209$lBLL01$h1540
=CAT  \\$a12274$b40$c20120703$lBLL01$h1708
=CAT  \\$a12274$b40$c20120703$lBLL01$h1730
=CAT  \\$a12274$b40$c20120705$lBLL01$h1338
=CAT  \\$a11169$b40$c20120807$lBLL01$h1035
=CAT  \\$a12274$b40$c20120810$lBLL01$h1013
=CAT  \\$a12274$b40$c20120810$lBLL01$h1019
=CAT  \\$a12274$b40$c20130422$lBLL01$h1437
=CAT  \\$a12274$b40$c20130425$lBLL01$h1120
=CAT  \\$a12274$b40$c20130614$lBLL01$h1033
=CAT  \\$a12274$b40$c20140612$lBLL01$h1623
=CAT  \\$aW1711-1225$c20171203$lBLL01$h1045
=FIN  \\$aY$d20120703
=FMT  \\$a  MU
=LAS  \\$aW1711-1225$b00$c20171203$lBLL01$h1045
=STA  \\$aSUPPRESSED$bunable to determine reason for suppression

