=LDR  02909 cm a2200661 i 4500
=001  015953765
=003  Uk
=005  20140612160714.0
=006  m\\\\\\\\u\\||||||
=007  cr\|||||||||||
=008  111021s2011\\\\enkzzz\\o\\\\\\n\\\\zxx\\
=040  \\$aUk$beng$cUk$erda
=082  04$a786.2076$223
=100  1\$aSorabji, Kaikhosru Shapurji,$d1892-1988,$ecomposer.
=240  10$aÉtudes transcendantes
=245  10$a100 transcendental studies :$bfor piano solo /$cKaikhosru Shapurji Sorabji ; [V. 1] edition by Marc-André Hamelin, Lukas Huisman (no. 1-16 & 18) ; Marc-André Hamelin, Frazer Jarvis (no. 17) ; Simon Abrahams (no. 19 & 21) ; Alexander Abercrombie (no. 20 & 22-63) ; [V.2] edition by Jonathan Powell (no. 73 & 84) ; Alexander Abercrombie (no. 64-72, 74, 83 & 85-100).
=264  \1$a[Bath] :$b[Sorabji Archive],$c[2011]
=300  \\$a1 online resource (1 score (864 pages in 2 volumes)) :$bPDF
=336  \\$anotated music$2rdacontent
=337  \\$acomputer$2rdamedia
=338  \\$aonline resource$2rdacarrier
=382  0\$apiano
=500  \\$aPage 2: date of composition 1940-1944.
=500  \\$aIncludes introduction by Lukas Huisman and Alexander Abercrombie.
=538  \\$aSystem requirements: Adobe Acrobat Reader.
=546  \\$bStaff notation.
=650  \0$aPiano music.
=650  \0$aPiano$vStudies and exercises.
=700  1\$aHamelin, Marc-André,$d1961-$eeditor.
=700  1\$aAbercrombie, Alexander,$eeditor.
=700  1\$aAbrahams, Simon,$eeditor.
=700  1\$aHuisman, Lukas,$eeditor.
=700  1\$aJarvis, Frazer,$eeditor.
=700  1\$aPowell, Jonathan,$d1969-$eeditor.
=852  41$aBritish Library$bMUSIC$jDigital store
=985  \\$a3rd 500 note on date of composition covered by by 5.3. and 5.8.1.3?
=985  \\$a4th 500 note on introduction combines 7.16 'Supplementary content' and 2.20.3.1 'Note on statement of responsibility' - is this OK?
=CAT  \\$a12664$b40$c20111021$lBLL01$h1424
=CAT  \\$a12664$b40$c20111110$lBLL01$h1613
=CAT  \\$aBATCH-UPD$b40$c20120420$lBLL01$h2045
=CAT  \\$a12274$b40$c20120926$lBLL01$h1055
=CAT  \\$a12274$b40$c20120926$lBLL01$h1104
=CAT  \\$a12274$b40$c20120926$lBLL01$h1158
=CAT  \\$a12274$b40$c20120926$lBLL01$h1231
=CAT  \\$a12274$b40$c20120926$lBLL01$h1240
=CAT  \\$a12274$b40$c20120926$lBLL01$h1244
=CAT  \\$a12274$b40$c20120926$lBLL01$h1245
=CAT  \\$a12274$b40$c20120926$lBLL01$h1253
=CAT  \\$a12274$b40$c20120928$lBLL01$h1348
=CAT  \\$a12274$b40$c20130422$lBLL01$h1434
=CAT  \\$a12274$b40$c20130425$lBLL01$h1214
=CAT  \\$a12274$b40$c20130614$lBLL01$h1033
=CAT  \\$a12274$b40$c20140612$lBLL01$h1607
=CAT  \\$aW1711-1225$c20171203$lBLL01$h1045
=FIN  \\$aY$d20120926
=FMT  \\$a  MU
=LAS  \\$aW1711-1225$b00$c20171203$lBLL01$h1045
=STA  \\$aSUPPRESSED$bunable to determine reason for suppression

