=LDR  01674 cm a2200469 i 4500
=001  015953771
=003  Uk
=005  20140612162307.0
=006  m\\\\\\\\u\\||||||
=007  cr||||||||||||
=008  111021s2011\\\\enkzzz\\o\\\\\\n\\\\zxx\\
=040  \\$aUk$beng$cUk$erda
=042  \\$aukblsr
=082  04$a786.2$223
=100  1\$aSorabji, Kaikhosru Shapurji,$d1892-1988,$ecomposer.
=240  10$aFrammenti aforistici$n(1962)
=245  10$a104 frammenti aforistici (Sutras) :$b(1962 et seq.) /$cKaikhosru Shapurji Sorabji (1892-1988) ; typed out by Thomas Smetryns with the help of Lukas Huisman.
=246  3\$aSutras
=264  \1$a[Bath] :$b[Sorabji Archive],$c[2011]
=300  \\$a1 online resource (1 score (41 pages)) :$bPDF
=336  \\$anotated music$2rdacontent
=337  \\$acomputer$2rdamedia
=338  \\$aonline resource$2rdacarrier
=382  0\$apiano
=546  \\$bStaff notation.
=650  \0$aPiano music.
=700  1\$aHuisman, Lukas,$eeditor.
=700  1\$aSmetryns, Thomas,$d1977-$eeditor.
=852  41$aBritish Library$bMUSIC$jDigital store
=CAT  \\$a12664$b40$c20111021$lBLL01$h1434
=CAT  \\$a12664$b40$c20111110$lBLL01$h1614
=CAT  \\$a12274$b40$c20120928$lBLL01$h1345
=CAT  \\$a12274$b40$c20120928$lBLL01$h1414
=CAT  \\$a12274$b40$c20130422$lBLL01$h1432
=CAT  \\$a12274$b40$c20130425$lBLL01$h1119
=CAT  \\$a12274$b40$c20130614$lBLL01$h1032
=CAT  \\$a12274$b40$c20140612$lBLL01$h1623
=CAT  \\$aW1711-1225$c20171203$lBLL01$h1045
=FIN  \\$aY$d20120928
=FMT  \\$a  MU
=LAS  \\$aW1711-1225$b00$c20171203$lBLL01$h1045
=STA  \\$aSUPPRESSED$bunable to determine reason for suppression

