=LDR  02042 cm a2200529 i 4500
=001  015953789
=003  Uk
=005  20140612163253.0
=006  m\\\\\\\\u\\||||||
=007  cr\|||||||||||
=008  111021s2004\\\\enkcoz\|o||||||n\\|\zxx\\
=028  32$aKSS. 69$bSorabji Archive
=040  \\$aUk$beng$cUk$erda
=042  \\$aukblsr
=082  04$a786.2186$223
=100  1\$aSorabji, Kaikhosru Shapurji,$d1892-1988,$ecomposer.
=240  10$aConcerto da suonare da me solo e senza orchestra
=245  10$aConcerto per suonare da me solo :$bfor piano solo : MCMXLVI /$cKaikhosru Shapurji Sorabji ; [edited by] Jonathan Powell, Alexander Abercrombie, François Fabre and Richard Younger.
=264  \1$aBath :$bSorabji Archive,$c[2004]
=300  \\$a1 online resource (1 score (72 pages)) :$bPDF
=336  \\$anotated music$2rdacontent
=337  \\$acomputer$2rdamedia
=338  \\$aonline resource$2rdacarrier
=500  \\$aFor piano.
=500  \\$aIncludes introduction by Jonathan Powell in English.
=546  \\$bStaff notation.
=650  \0$aConcertos.
=650  \0$aPiano music.
=700  1\$aPowell, Jonathan,$d1969-$eeditor.
=700  1\$aAbercrombie, Alexander,$eeditor.
=700  1\$aFabre, François$c(French teacher of classical literature),$eeditor.
=700  1\$aYounger, Richard$c(Musician),$eeditor.
=852  41$aBritish Library$bMUSIC$jDigital store
=985  \\$aPreferred title of work from Grove.
=CAT  \\$a12664$b40$c20111021$lBLL01$h1454
=CAT  \\$a12664$b40$c20111110$lBLL01$h1614
=CAT  \\$a12664$b40$c20120106$lBLL01$h1000
=CAT  \\$a12274$b40$c20130617$lBLL01$h1611
=CAT  \\$a12274$b40$c20130618$lBLL01$h1012
=CAT  \\$a11306$b40$c20130917$lBLL01$h1607
=CAT  \\$aBATCH-UPD$b40$c20130920$lBLL01$h2116
=CAT  \\$a12274$b40$c20140612$lBLL01$h1632
=CAT  \\$aW1711-1225$c20171203$lBLL01$h1045
=FIN  \\$aY$d20130617
=FMT  \\$a  MU
=LAS  \\$aW1711-1225$b00$c20171203$lBLL01$h1045
=STA  \\$aSUPPRESSED$bunable to determine reason for suppression

