=LDR  01558 cm a2200457 i 4500
=001  015961650
=003  Uk
=005  20130618115324.0
=006  m\\\\\\\\u\\||||||
=007  cr\|||||||||||
=008  111103t20052005enkzzz\|o||||||n\\|\zxx\\
=028  32$aK.S.S.13$bSorabji Music Archive
=040  \\$aUk$beng$cUk$erda
=042  \\$aukblsr
=082  04$a786.2$223
=100  1\$aSorabji, Kaikhosru Shapurji,$d1892-1988,$ecomposer.
=245  10$aDésir éperdu /$cKaikhosru Sorabji (1892-1988) ; [edited by] Frazer Jarvis.
=264  \1$a[Bath] :$b[Sorabji Music Archive],$c[2005]
=264  \4$c©2005
=300  \\$a1 online resource (1 score (1 unnumbered leaf)) :$bPDF
=336  \\$anotated music$2rdacontent
=337  \\$acomputer$2rdamedia
=338  \\$aonline resource$2rdacarrier
=500  \\$aWork composed 1917.
=500  \\$aFor piano.
=500  \\$aTitle from PDF caption title.
=500  \\$aPDF viewed on 18 June 2013.
=538  \\$aSystem requirements: Adobe Acrobat Reader.
=546  \\$bStaff notation.
=650  \0$aPiano music.
=700  1\$aJarvis, Frazer,$eeditor.
=852  41$aBritish Library$bMUSIC$jDigital store
=CAT  \\$a12664$b40$c20111103$lBLL01$h1614
=CAT  \\$a12664$b40$c20111103$lBLL01$h1615
=CAT  \\$a12664$b40$c20111110$lBLL01$h1615
=CAT  \\$a12274$b40$c20130618$lBLL01$h1153
=CAT  \\$aW1711-1225$c20171203$lBLL01$h1045
=FIN  \\$aY$d20130618
=FMT  \\$a  MU
=LAS  \\$aW1711-1225$b00$c20171203$lBLL01$h1045
=STA  \\$aSUPPRESSED$bunable to determine reason for suppression

