=LDR  01624 cm a2200481 i 4500
=001  015961658
=003  Uk
=005  20140612163714.0
=006  m\\\\\\\\u\\||||||
=007  cr\|||||||||||
=008  111103s1994\\\\enkzzz\|o||||||n\\|\zxx\\
=040  \\$aUk$beng$cUk$erda
=042  \\$aukblsr
=082  04$a786.2$223
=100  1\$aSorabji, Kaikhosru Shapurji,$d1892-1988,$ecomposer.
=240  10$aNocturne,$mpiano
=245  10$aDjami :$bfor piano solo /$cSorabji.
=250  \\$aNew edition (1994) by Charles Hopkins.
=264  \1$a[Bath] :$b[Sorabji Music Archive],$c[1994]
=300  \\$a1 online resource (1 score (70 pages)) :$bPDF
=336  \\$anotated music$2rdacontent
=337  \\$acomputer$2rdamedia
=338  \\$aonline resource$2rdacarrier
=500  \\$aFor piano.
=500  \\$aWork composed 1928.
=500  \\$aCaption title: Nocturne: Djâmi.
=500  \\$aReproduced from manuscript.
=546  \\$bStaff notation.
=650  \0$aPiano music.
=650  \0$aMusic$vManuscripts$vFacsimiles.
=700  1\$aHopkins, Charles,$c-2007,$eeditor.
=852  41$aBritish Library$bMUSIC$jDigital store
=CAT  \\$a12664$b40$c20111103$lBLL01$h1626
=CAT  \\$a12664$b40$c20111103$lBLL01$h1627
=CAT  \\$a12664$b40$c20111117$lBLL01$h1533
=CAT  \\$a12274$b40$c20130618$lBLL01$h1214
=CAT  \\$a12274$b40$c20130821$lBLL01$h1224
=CAT  \\$a12274$b40$c20140612$lBLL01$h1637
=CAT  \\$aW1711-1225$c20171203$lBLL01$h1045
=FIN  \\$aY$d20130618
=FMT  \\$a  MU
=LAS  \\$aW1711-1225$b00$c20171203$lBLL01$h1045
=STA  \\$aSUPPRESSED$bunable to determine reason for suppression

