=LDR  01520 cm a2200445 i 4500
=001  015961662
=003  Uk
=005  20140612163303.0
=006  m\\\\\\\\u\\||||||
=007  cr\|||||||||||
=008  111103t20042004enkzzl\\\\\\\\\n\\\\zxx\\
=028  32$aKSS 47$bSorabji Music Archive
=040  \\$aUk$beng$cUk$erda
=042  \\$aukblsr
=082  04$a786.2$223
=100  1\$aSorabji, Kaikhosru Shapurji,$d1892-1988,$ecomposer.
=240  10$aNocturne,$mpiano
=245  10$aNocturne : Djâmî :$bMCMXXVIII : for piano solo /$cKaikhosru Shapurji Sorabji ; [edited by Jonathan Powell].
=246  3\$aDjâmî
=264  \1$a[Bath, England] :$b[The Sorabji Archive],$c[2004?]
=264  \4$c©2004
=300  \\$a1 online resource (1 score (26 pages)) :$bPDF
=336  \\$anotated music$2rdacontent
=337  \\$acomputer$2rdamedia
=338  \\$aonline resource$2rdacarrier
=500  \\$aFor piano.
=546  \\$bStaff notation.
=650  \0$aPiano music.
=700  1\$aPowell, Jonathan,$d1969-$eeditor.
=852  41$aBritish Library$bMUSIC$jDigital store
=CAT  \\$a12664$b40$c20111103$lBLL01$h1633
=CAT  \\$a12664$b40$c20111117$lBLL01$h1534
=CAT  \\$a12274$b40$c20130709$lBLL01$h1459
=CAT  \\$a12274$b40$c20130709$lBLL01$h1658
=CAT  \\$a12274$b40$c20140612$lBLL01$h1633
=CAT  \\$aW1711-1225$c20171203$lBLL01$h1045
=FIN  \\$aY$d20130709
=FMT  \\$a  MU
=LAS  \\$aW1711-1225$b00$c20171203$lBLL01$h1045
=STA  \\$aSUPPRESSED$bunable to determine reason for suppression

