=LDR  02014 cm a2200529 i 4500
=001  015961668
=003  Uk
=005  20140612162300.0
=006  m\\\\\\\\u\\||||||
=007  cr\|||||||||||
=008  111103s2011\\\\enkzzz\|o||||||n\\|\zxx\\
=040  \\$aUk$beng$cUk$erda
=042  \\$aukblsr
=082  04$a786.2$223
=100  1\$aSorabji, Kaikhosru Shapurji,$d1892-1988,$ecomposer.
=245  10$aFantaisie espagnole :$bfor piano /$cKaikhosru Sorabji.
=250  \\$aCorrected edition /$bby Chris Rice and Donna Amato.
=264  \1$a[Bath, England] :$b[Sorabji Music Archive],$c[2011]
=300  \\$a1 online resource (1 score (32 pages))
=336  \\$anotated music$2rdacontent
=337  \\$acomputer$2rdamedia
=338  \\$aonline resource$2rdacarrier
=347  \\$aPDF$2rda
=500  \\$aFor piano.
=500  \\$aWork composed 1919.
=500  \\$aDedicated to Norman Peterkin.
=500  \\$aPDF reproduction of an annotated copy of an original publication of 1922. The annotations are by Chris Rice and Donna Amato.
=500  \\$aOriginally published by London and Continental Music Publishing Company (1922), plate number KS 4.
=546  \\$bStaff notation.
=650  \0$aPiano music.
=700  1\$aAmato, Donna,$eeditor.
=700  1\$aRice, Chris$c(Record producer),$eeditor.
=700  1\$aPeterkin, Norman,$d1886-1982,$ededicatee.
=852  41$aBritish Library$bMUSIC$jDigital store
=CAT  \\$a12664$b40$c20111103$lBLL01$h1643
=CAT  \\$a12664$b40$c20111117$lBLL01$h1535
=CAT  \\$a12274$b40$c20130618$lBLL01$h1230
=CAT  \\$a12274$b40$c20130618$lBLL01$h1231
=CAT  \\$a10743$b40$c20131001$lBLL01$h1439
=CAT  \\$a12274$b40$c20140529$lBLL01$h1422
=CAT  \\$a12274$b40$c20140612$lBLL01$h1623
=CAT  \\$aW1711-1225$c20171203$lBLL01$h1045
=CAT  \\$aBATCH-UPD$b00$c20171203$lBLL01$h1442
=FIN  \\$aY$d20130618
=FMT  \\$a  MU
=LAS  \\$aBATCH-UPD$b00$c20171203$lBLL01$h1442
=STA  \\$aSUPPRESSED$bunable to determine reason for suppression

