=LDR  01882 cm a2200469 i 4500
=001  015961765
=003  Uk
=005  20140612162438.0
=006  m\\\\\\\\u\\||||||
=007  cr\|||||||||||
=008  111104s2009\\\\enksul\|o||||||n\\|\zxx\\
=040  \\$aUk$beng$cUk$erda
=042  \\$aukblsr
=082  04$a786.21858$223
=100  1\$aBach, Johann Sebastian,$d1685-1750,$ecomposer.
=240  10$aFranzösische Suiten.$nNr. 4.$pPrelude;$oarranged
=245  10$aPrelude from the French suite in E-flat major BWV 815A :$b1945 : piano solo /$cJohann Sebastian bach ; transcription by Kaikhosru Shapurji Sorabji.
=250  \\$aCritical edition /$bby Marc-André Roberge.
=264  \1$aBath :$bThe Sorabji Music Archive,$c2009.
=300  \\$a1 online resource (1 score (12 pages)) :$bPDF
=336  \\$anotated music$2rdacontent
=337  \\$acomputer$2rdamedia
=338  \\$aonline resource$2rdacarrier
=500  \\$aFor piano.
=500  \\$aIncludes introduction and critical report in English.
=500  \\$a"This edition ... is made available on demand by the Sorabji Archive as a bound photocopy".
=546  \\$bStaff notation.
=650  \0$aSuites (Piano)$vExcerpts, Arranged.
=700  1\$aRoberge, Marc-André,$d1955-$eeditor.
=700  1\$aSorabji, Kaikhosru Shapurji,$d1892-1988,$earranger of music.
=852  41$aBritish Library$bMUSIC$jDigital store
=CAT  \\$a12664$b40$c20111104$lBLL01$h1056
=CAT  \\$a12664$b40$c20111104$lBLL01$h1057
=CAT  \\$a12664$b40$c20111117$lBLL01$h1536
=CAT  \\$a12274$b40$c20130814$lBLL01$h1450
=CAT  \\$aBATCH-UPD$b40$c20140322$lBLL01$h1839
=CAT  \\$a12274$b40$c20140612$lBLL01$h1624
=CAT  \\$aW1711-1225$c20171203$lBLL01$h1045
=FIN  \\$aY$d20130814
=FMT  \\$a  MU
=LAS  \\$aW1711-1225$b00$c20171203$lBLL01$h1045
=STA  \\$aSUPPRESSED$bunable to determine reason for suppression

