=LDR  01627 cm a2200469 i 4500
=001  015961778
=003  Uk
=005  20130814175630.0
=006  m\\\\\\\\u\\||||||
=007  cr\|||||||||||
=008  111104s2011\\\\enkzzl\|o||||||n\\|\zxx\\
=040  \\$aUk$beng$cUk$erda
=042  \\$aukblsr
=082  04$a786.2$223
=100  1\$aSorabji, Kaikhosru Shapurji,$d1892-1988,$ecomposer.
=245  10$aQuaere reliqua hujus materiei inter secretiora /$cK.S. Sorabji ; [edited by Chris Rice].
=264  \1$a[Bath] :$b[Sorabji Music Archive],$c[2011]
=300  \\$a1 online resource (1 score (32 pages)) :$bPDF
=336  \\$anotated music$2rdacontent
=337  \\$acomputer$2rdamedia
=338  \\$aonline resource$2rdacarrier
=500  \\$aFor piano.
=500  \\$aReproduced from editor's manuscript.
=500  \\$aWork composed 1940.
=500  \\$aDate of edition 1993.
=500  \\$aTitle from PDF caption title.
=500  \\$aPDF viewed on 14 August 2013.
=546  \\$bStaff notation.
=650  \0$aPiano music.
=650  \0$aMusic$vManuscripts$vFacsimiles.
=852  41$aBritish Library$bMUSIC$jDigital store
=CAT  \\$a12664$b40$c20111104$lBLL01$h1106
=CAT  \\$a12664$b40$c20111117$lBLL01$h1537
=CAT  \\$a12274$b40$c20130814$lBLL01$h1529
=CAT  \\$a12274$b40$c20130814$lBLL01$h1530
=CAT  \\$a12274$b40$c20130814$lBLL01$h1611
=CAT  \\$a12274$b40$c20130814$lBLL01$h1756
=CAT  \\$aW1711-1225$c20171203$lBLL01$h1045
=FIN  \\$aY$d20130814
=FMT  \\$a  MU
=LAS  \\$aW1711-1225$b00$c20171203$lBLL01$h1045
=STA  \\$aSUPPRESSED$bunable to determine reason for suppression

