=LDR  01630 cm a2200445 i 4500
=001  015961784
=003  Uk
=005  20130821102701.0
=006  m\\\\\\\\u\\||||||
=007  cr\|||||||||||
=008  111104s2011\\\\enktcl\|o||||||n\\|\zxx\\
=040  \\$aUk$beng$cUk$erda
=042  \\$aukblsr
=082  04$a786.218947$223
=100  1\$aSorabji, Kaikhosru Shapurji,$d1892-1988,$ecomposer.
=245  10$aToccatinetta sopra C.G.F. :$bsi costituisse da uno preludietto quindi una piccola passacaglia maliziosa e per finire una fughetta /$cda Kaikhosru Sorabji compilata ; edition by Donna Amato.
=264  \1$a[Bath, England] :$b[Sorabji Music Archive],$c[2011]
=300  \\$a1 online resource (1 score (15 pages)) :$bPDF
=336  \\$anotated music$2rdacontent
=337  \\$acomputer$2rdamedia
=338  \\$aonline resource$2rdacarrier
=500  \\$aFor piano.
=500  \\$aDate of edition 1992.
=500  \\$aReproduced from editor's manuscript.
=546  \\$bStaff notation.
=650  \0$aMusic$vManuscripts$vFacsimiles.
=650  \0$aToccatas.
=650  \0$aPiano music.
=700  1\$aAmato, Donna,$eeditor.
=852  41$aBritish Library$bMUSIC$jDigital store
=CAT  \\$a12664$b40$c20111104$lBLL01$h1115
=CAT  \\$a12664$b40$c20111104$lBLL01$h1117
=CAT  \\$a12664$b40$c20111117$lBLL01$h1538
=CAT  \\$a12274$b40$c20130821$lBLL01$h1020
=CAT  \\$a12274$b40$c20130821$lBLL01$h1027
=CAT  \\$aW1711-1225$c20171203$lBLL01$h1045
=FIN  \\$aY$d20130821
=FMT  \\$a  MU
=LAS  \\$aW1711-1225$b00$c20171203$lBLL01$h1045
=STA  \\$aSUPPRESSED$bunable to determine reason for suppression

