=LDR  01575 cm a2200445 i 4500
=001  015961793
=003  Uk
=005  20131001144030.0
=006  m\\\\\\\\u\\||||||
=007  cr\|||||||||||
=008  111104s2011\\\\enkzzl\|o||||||n\\|\zxx\\
=040  \\$aUk$beng$cUk$erda
=042  \\$aukblsr
=082  04$a786.2$223
=100  1\$aSorabji, Kaikhosru Shapurji,$d1892-1988,$ecomposer.
=240  10$aSt Bertrand de Comminges
=245  10$aSt. Bertrand de Comminges :$bHe was laughing in the tower /$cK.S. Sorabji ; edited by Chris Rice.
=246  30$aHe was laughing in the tower
=264  \1$a[Bath, England] :$b[Sorabji Music Archive],$c[2011]
=300  \\$a1 online resource (1 score (42 pages)) :$bPDF
=336  \\$anotated music$2rdacontent
=337  \\$acomputer$2rdamedia
=338  \\$aonline resource$2rdacarrier
=500  \\$aDate of edition 1992.
=500  \\$aTitle from PDF caption title.
=500  \\$aPDF viewed on 16 August 2013.
=546  \\$bStaff notation.
=650  \0$aPiano music.
=700  1\$aRice, Chris$c(Record producer),$eeditor.
=852  41$aBritish Library$bMUSIC$jDigital store
=CAT  \\$a12664$b40$c20111104$lBLL01$h1122
=CAT  \\$a12664$b40$c20111104$lBLL01$h1124
=CAT  \\$a12664$b40$c20111117$lBLL01$h1539
=CAT  \\$a12274$b40$c20130816$lBLL01$h1443
=CAT  \\$a10743$b40$c20131001$lBLL01$h1440
=CAT  \\$aW1711-1225$c20171203$lBLL01$h1045
=FIN  \\$aY$d20130816
=FMT  \\$a  MU
=LAS  \\$aW1711-1225$b00$c20171203$lBLL01$h1045
=STA  \\$aSUPPRESSED$bunable to determine reason for suppression

