=LDR  01647 cm a2200433 i 4500
=001  015961803
=003  Uk
=005  20140529142051.0
=006  m\\\\\\\\u\\||||||
=007  cr\|||||||||||
=008  111104s2011\\\\enkfgl\|o||||||n\\|\zxx\\
=028  32$aKS 8$bJ. Curwen & Sons Ltd.
=028  33$a909001$bCurwen Edition
=040  \\$aUk$beng$cUk$erda
=042  \\$aukblsr
=082  04$a786.21872$223
=100  1\$aSorabji, Kaikhosru Shapurji,$d1892-1988,$ecomposer.
=240  10$aPrelude, interlude, and fugue,$mpiano
=245  10$aPrelude interlude and fugue for piano /$cKaikhosru Sorabji.
=264  \1$a[Bath, England] :$b[Sorabji Music Archive],$c[2011]
=300  \\$a1 online resource (1 score (19 pages))
=336  \\$anotated music$2rdacontent
=337  \\$acomputer$2rdamedia
=338  \\$aonline resource$2rdacarrier
=347  \\$aPDF$brda
=534  \\$pElectronic reproduction of (manifestation):$aSorabji, Kaikhosru Shapurji, 1892-1988.$tPrelude interlude and fugue for piano.$cLondon : J. Curwen and Sons, 1924.$nPublisher's numbers: KS 8, 909001 Curwen Edition.
=546  \\$bStaff notation.
=650  \0$aCanons, fugues, etc. (Piano)
=650  \0$aPiano music.
=852  41$aBritish Library$bMUSIC$jDigital store
=CAT  \\$a12664$b40$c20111104$lBLL01$h1129
=CAT  \\$a12664$b40$c20111117$lBLL01$h1540
=CAT  \\$a12274$b40$c20130814$lBLL01$h1507
=CAT  \\$a12274$b40$c20140529$lBLL01$h1420
=CAT  \\$aW1711-1225$c20171203$lBLL01$h1045
=FIN  \\$aY$d20130814
=FMT  \\$a  MU
=LAS  \\$aW1711-1225$b00$c20171203$lBLL01$h1045
=STA  \\$aSUPPRESSED$bunable to determine reason for suppression

