=LDR  01749 cm a2200481 i 4500
=001  015961829
=003  Uk
=005  20130815153742.0
=006  m\\\\\\\\u\\||||||
=007  cr\|||||||||||
=008  111104s2011\\\\enkzzl\|o||||||n\\|\zxx\\
=028  32$aKSS. 54$bSorabji Music Archive
=040  \\$aUk$beng$cUk$erda
=042  \\$aukblsr
=082  04$a785.28195$223
=100  1\$aSorabji, Kaikhosru Shapurji,$d1892-1988,$ecomposer.
=240  10$aQuintets,$mpiano, strings,$nno. 2
=245  10$aSecond quintet for string quartet and piano /$cKaikhosru Shapurji Sorabji ; [edited by Alexander Abercrombie].
=264  \1$a[Bath, England] :$b[Sorabji Music Archive],$c[2011]
=300  \\$a1 online resource (1 score (459 pages)) :$bPDF
=336  \\$anotated music$2rdacontent
=337  \\$acomputer$2rdamedia
=338  \\$aonline resource$2rdacarrier
=500  \\$aFor piano, violins (2), viola and cello.
=500  \\$aWork composed 1932.
=500  \\$aDate of edition 2005.
=500  \\$aTitle from PDF caption title.
=500  \\$aPDF viewed on 15 August 2013.
=546  \\$bStaff notation.
=650  \0$aPiano quintets$vScores.
=700  1\$aAbercrombie, Alexander,$eeditor.
=852  41$aBritish Library$bMUSIC$jDigital store
=CAT  \\$a12664$b40$c20111104$lBLL01$h1159
=CAT  \\$a12664$b40$c20111104$lBLL01$h1200
=CAT  \\$a12664$b40$c20111104$lBLL01$h1201
=CAT  \\$a12664$b40$c20111104$lBLL01$h1310
=CAT  \\$a12664$b40$c20111117$lBLL01$h1542
=CAT  \\$a12274$b40$c20130815$lBLL01$h1537
=CAT  \\$aW1711-1225$c20171203$lBLL01$h1045
=FIN  \\$aY$d20130815
=FMT  \\$a  MU
=LAS  \\$aW1711-1225$b00$c20171203$lBLL01$h1045
=STA  \\$aSUPPRESSED$bunable to determine reason for suppression

