=LDR  02105 cm a2200541 i 4500
=001  015961877
=003  Uk
=005  20140612162904.0
=006  m\\\\\\\\u\\||||||
=007  cr\|||||||||||
=008  111104s2009\\\\enksga\|o||||||n\\|\fre\\
=040  \\$aUk$beng$cUk$erda
=041  0\$afre$efre$eeng$nfre
=042  \\$aukblsr
=082  04$a783.6642$223
=100  1\$aSorabji, Kaikhosru Shapurji,$d1892-1988,$ecomposer.
=245  13$aLe mauvais jardinier :$bsong for soprano and piano : fragment : 1918 or 1919 /$cKaikhosru Shapurji Sorabji ; [words by] Iwan Gilkin.
=246  3\$aWicked gardener
=250  \\$aCritical edition /$bby Marc-André Roberge.
=264  \1$aBath :$bSorabji Archive,$c2009.
=300  \\$a1 online resource (1 score (5 pages)) :$bPDF
=336  \\$anotated music$2rdacontent
=337  \\$acomputer$2rdamedia
=338  \\$aonline resource$2rdacarrier
=500  \\$aText also presented separately with an English translation by Charles Hopkins.
=500  \\$aIncludes introduction and critical report in English.
=500  \\$aParallel title from introduction: The wicked gardener.
=530  \\$aEdition published on demand by the Sorabji Archive as a bound photocopy.
=546  \\$aFrench words.
=546  \\$bStaff notation.
=600  10$aGilkin, Iwan,$d1858-1924$vMusical settings.
=650  \0$aSongs (High voice) with piano.
=650  \0$aSongs, French.
=700  1\$aRoberge, Marc-André,$eeditor.
=700  1\$aGilkin, Iwan,$d1858-1924.
=700  1\$aHopkins, Charles,$c-2007,$etranslator.
=852  41$aBritish Library$bMUSIC$jDigital store
=CAT  \\$a12664$b40$c20111104$lBLL01$h1311
=CAT  \\$a12664$b40$c20111117$lBLL01$h1542
=CAT  \\$a12274$b40$c20130620$lBLL01$h1624
=CAT  \\$a12274$b40$c20130620$lBLL01$h1634
=CAT  \\$a12274$b40$c20130821$lBLL01$h1224
=CAT  \\$a12274$b40$c20140612$lBLL01$h1629
=CAT  \\$aW1711-1225$c20171203$lBLL01$h1045
=FIN  \\$aY$d20130620
=FMT  \\$a  MU
=LAS  \\$aW1711-1225$b00$c20171203$lBLL01$h1045
=STA  \\$aSUPPRESSED$bunable to determine reason for suppression

