=LDR  01996 cm a2200493 i 4500
=001  015961879
=003  Uk
=005  20140612162855.0
=006  m\\\\\\\\u\\||||||
=007  cr\|||||||||||
=008  111104s2009\\\\enksga\|o||||||n\\|\eng\\
=040  \\$aUk$beng$cUk$erda
=042  \\$aukblsr
=082  04$a783.6642$223
=100  1\$aSorabji, Kaikhosru Shapurji,$d1892-1988,$ecomposer.
=245  10$aI was not sorrowful :$bpoem for voice and piano : song for dramatic soprano or tenor and piano (between 1917 and 1919) /$cKaikhosru Shapurji Sorabji ; [words by] Ernest Dowson.
=250  \\$aCritical edition /$bby Marc-André Roberge.
=264  \1$aBath, England :$bThe Sorabji Archive,$c2009.
=300  \\$a1 online resouce (1 score (4 pages)) :$bPDF
=336  \\$anotated music$2rdacontent
=337  \\$acomputer$2rdamedia
=338  \\$aonline resource$2rdacarrier
=500  \\$aBased on the poem 'Spleen' by Ernest Dowson.
=500  \\$aIncludes introduction and critical report.
=500  \\$aIncludes biographical note on the editor.
=530  \\$aEdition published on demand by Sorabji Archive as a bound photocopy.
=546  \\$bStaff notation.
=600  10$aDowson, Ernest Christopher,$d1867-1900$vMusical settings.
=650  \0$aSongs (High voice) with piano.
=650  \0$aSongs, English.
=700  1\$aRoberge, Marc-André,$d1955-$eeditor.
=700  1\$aDowson, Ernest Christopher,$d1867-1900.$tSpleen.
=852  41$aBritish Library$bMUSIC$jDigital store
=CAT  \\$a12664$b40$c20111104$lBLL01$h1325
=CAT  \\$a12664$b40$c20111117$lBLL01$h1543
=CAT  \\$a12274$b40$c20130619$lBLL01$h1130
=CAT  \\$a12274$b40$c20130619$lBLL01$h1133
=CAT  \\$aBATCH-UPD$b40$c20140322$lBLL01$h1839
=CAT  \\$a12274$b40$c20140612$lBLL01$h1628
=CAT  \\$aW1711-1225$c20171203$lBLL01$h1045
=FIN  \\$aY$d20130619
=FMT  \\$a  MU
=LAS  \\$aW1711-1225$b00$c20171203$lBLL01$h1045
=STA  \\$aSUPPRESSED$bunable to determine reason for suppression

