=LDR  01878 cm a2200505 i 4500
=001  015961888
=003  Uk
=005  20140612162836.0
=006  m\\\\\\\\u\\||||||
=007  cr\|||||||||||
=008  111104t20091993enkzzz\|o||||||n\\|\zxx\\
=040  \\$aUk$beng$cUk$erda
=042  \\$aukblsr
=082  04$a786.2$223
=100  1\$aSorabji, Kaikhosru Shapurji,$d1892-1988,$ecomposer.
=240  10$aFragment written for Hrold Rutland
=245  10$aFragment for Harold Rutland :$bthree versions (1926, 1928, 1937) : piano solo /$cKaikhosru Shapurji Sorabji.
=250  \\$acritical edition /$bby Marc-André Roberge.
=264  \1$aBath, England :$bSorabji Archive,$c2009.
=264  \4$c©1993
=300  \\$a1 online resource (1 score (14 pages)) :$bPDF
=336  \\$anotated music$2rdacontent
=337  \\$acomputer$2rdamedia
=338  \\$aonline resource$2rdacarrier
=500  \\$aFor piano.
=500  \\$aIncludes introduction and critical report.
=500  \\$aTitle from PDF title page (violin 1 part).
=530  \\$aThis edition is made available on demand by the Sorabji Archive as a bound photocopy.
=546  \\$bStaff notation.
=650  \0$aPiano music.
=700  1\$aRoberge, Marc-André,$d1955-$eeditor.
=730  02$iContains work$abla
=852  41$aBritish Library$bMUSIC$jDigital store
=985  \\$aPreferred title in 240 from Grove.
=CAT  \\$a12664$b40$c20111104$lBLL01$h1339
=CAT  \\$a12664$b40$c20111117$lBLL01$h1548
=CAT  \\$a12274$b40$c20130618$lBLL01$h1536
=CAT  \\$a12274$b40$c20140109$lBLL01$h1149
=CAT  \\$aBATCH-UPD$b40$c20140322$lBLL01$h1839
=CAT  \\$a12274$b40$c20140612$lBLL01$h1628
=CAT  \\$aW1711-1225$c20171203$lBLL01$h1045
=FIN  \\$aY$d20130618
=FMT  \\$a  MU
=LAS  \\$aW1711-1225$b00$c20171203$lBLL01$h1045
=STA  \\$aSUPPRESSED$bunable to determine reason for suppression

