=LDR  01536 cm a2200445 i 4500
=001  015961892
=003  Uk
=005  20140612163339.0
=006  m\\\\\\\\u\\||||||
=007  cr\|||||||||||
=008  111104t20022002enkzzz\|o||||||n\\|\zxx\\
=028  32$aKSS. 55$bSorabji Music Archive.
=040  \\$aUk$beng$cUk$erda
=042  \\$aukblsr
=082  04$a786.2$223
=100  1\$aSorabji, Kaikhosru Shapurji,$d1892-1988,$ecomposer.
=245  10$aFantasia ispanica :$bfor piano solo MCMXXXIII /$cKaikhosru Shapurji Sorabji ; [edited by Jonathan Powell].
=264  \1$a[Bath, England] :$b[Sorabji Archive],$c[2002]
=264  \4$c©2002
=300  \\$a1 online resource (1 score (64 pages)) :$bPDF
=336  \\$anotated music$2rdacontent
=337  \\$acomputer$2rdamedia
=338  \\$aonline resource$2rdacarrier
=500  \\$aFor piano.
=500  \\$aWork composed 1933.
=500  \\$aDedicated to Alec Rowley.
=546  \\$bStaff notation.
=650  \0$aPiano music.
=700  1\$aPowell, Jonathan,$d1969-$eeditor.
=700  1\$aRowley, Alec,$d1892-1958,$ededicatee.
=852  41$aBritish Library$bMUSIC$jDigital store
=CAT  \\$a12664$b40$c20111104$lBLL01$h1347
=CAT  \\$a12664$b40$c20111117$lBLL01$h1549
=CAT  \\$a12274$b40$c20130618$lBLL01$h1256
=CAT  \\$a12274$b40$c20140612$lBLL01$h1633
=CAT  \\$aW1711-1225$c20171203$lBLL01$h1045
=FIN  \\$aY$d20130618
=FMT  \\$a  MU
=LAS  \\$aW1711-1225$b00$c20171203$lBLL01$h1045
=STA  \\$aSUPPRESSED$bunable to determine reason for suppression

