=LDR  02642 cm a2200613 i 4500
=001  015961894
=003  Uk
=005  20140612162800.0
=006  m\\\\|\\\d\|\\\\\\
=007  cr||||||||||||
=008  111104t20092006enksga\\oeh\\\\n\\\\fre\\
=028  32$aKSS 8$bSorabji Music Archive
=040  \\$aUk$beng$cUk$erda
=042  \\$aukblsr
=082  04$a783.6642$223
=100  1\$aSorabji, Kaikhosru Shapurji,$d1892-1988,$ecomposer.
=245  10$aHymne à Aphrodite :$bsong for soprano and piano, (1916) /$cKaikhosru Shapurji Sorabji ; words by Laurent Tailhade ; translation by Charles Hopkins.
=250  \\$aCritical edition /$bby Marc-André Roberge.
=264  \1$aBath :$bSorabji Archive,$c2009.
=264  \4$c©2006
=300  \\$a1 online resource (1 score (11 pages, 7 unnumbered pages)) :$bPDF
=336  \\$anotated music$2rdacontent
=337  \\$acomputer$2rdamedia
=338  \\$aonline resource$2rdacarrier
=382  01$asoprano voice$apiano
=500  \\$aWith introduction, critical report and biographical note on the editor.
=530  \\$aPublished on demand by the Sorabji Archive as a bound photocopy.
=538  \\$aSystem requirements: Adobe Acrobat Reader.
=546  \\$aFrench words; English translation presented separately.
=546  \\$3Score$bStaff notation.
=600  10$aTailhade, Laurent,$d1854-1919$vMusical settings.
=700  1\$aRoberge, Marc-André,$eeditor.
=700  1\$aTailhade, Laurent,$d1854-1919,$eauthor.
=700  1\$aHopkins, Charles,$c-2007,$etranslator.
=852  41$aBritish Library$bMUSIC$jDigital store
=985  \\$a245 statement of responsibility re author of words & translator comes from introduction. Should it be here, or in a note? Have not used square brackets because info. comes from within resource.
=985  \\$a1st 500 is Note on manifestation or item, 2.20.
=CAT  \\$a12664$b40$c20111104$lBLL01$h1352
=CAT  \\$a12664$b40$c20111117$lBLL01$h1550
=CAT  \\$a12274$b40$c20121002$lBLL01$h1524
=CAT  \\$a12274$b40$c20121002$lBLL01$h1538
=CAT  \\$a12274$b40$c20121002$lBLL01$h1601
=CAT  \\$a12274$b40$c20121003$lBLL01$h1435
=CAT  \\$a12274$b40$c20130422$lBLL01$h1425
=CAT  \\$a12274$b40$c20130422$lBLL01$h1427
=CAT  \\$a12274$b40$c20130422$lBLL01$h1441
=CAT  \\$a12274$b40$c20130425$lBLL01$h1122
=CAT  \\$a12274$b40$c20130614$lBLL01$h1038
=CAT  \\$a12274$b40$c20140612$lBLL01$h1628
=CAT  \\$aW1711-1225$c20171203$lBLL01$h1045
=FIN  \\$aY$d20121003
=FMT  \\$a  MU
=LAS  \\$aW1711-1225$b00$c20171203$lBLL01$h1045
=STA  \\$aSUPPRESSED$bunable to determine reason for suppression

