=LDR  01937 cm a2200493 i 4500
=001  015961905
=003  Uk
=005  20140612162251.0
=006  m\\\\\\\\u\\||||||
=007  cr\|||||||||||
=008  111104s2011\\\\enkvrz\|\||||||n\\|\zxx\\
=028  32$aKSS 98$bSorabji Music Archive
=040  \\$aUk$beng$cUk$erda
=042  \\$aukblsr
=082  04$a786.2$223
=100  1\$aSorabji, Kaikhosru Shapurji,$d1892-1988,$ecomposer.
=240  10$aVariazioni frivoli con una fuga anarchica, eretica e perversa
=245  13$aIl grido del gallino d'oro da Rimsky-Korsakov :$bvariazioni frivoli con una fuga anarchica, eretica e perversa : for piano solo /$cKaikhosru Shapurji Sorabji ; [edited by Alexander Abercrombie].
=246  31$aGolden cockerel crows
=264  \1$a[Bath, England] :$b[Sorabji Archive],$c[2011]
=300  \\$a1 online resource (1 score (95 pages)) :$bPDF
=336  \\$anotated music$2rdacontent
=337  \\$acomputer$2rdamedia
=338  \\$aonline resource$2rdacarrier
=500  \\$aParallel title in caption: The golden cockerel crows.
=500  \\$aWork composed 1978-1979.
=500  \\$aDedicated to Michael Habermann.
=546  \\$bStaff notation.
=650  \0$aVariations (Piano)
=650  \0$aCanons, fugues, etc. (Piano)
=700  1\$aAbercrombie, Alexander,$eeditor.
=700  1\$aHabermann, Michael,$ededicatee.
=700  1\$aRimsky-Korsakov, Nikolay,$d1844-1908.$tZolotoĭ petushok.
=852  41$aBritish Library$bMUSIC$jDigital store
=CAT  \\$a12664$b40$c20111104$lBLL01$h1413
=CAT  \\$a12664$b40$c20111117$lBLL01$h1551
=CAT  \\$a12274$b40$c20130619$lBLL01$h1152
=CAT  \\$a12274$b40$c20130619$lBLL01$h1157
=CAT  \\$a12274$b40$c20140612$lBLL01$h1622
=CAT  \\$aW1711-1225$c20171203$lBLL01$h1045
=FIN  \\$aY$d20130619
=FMT  \\$a  MU
=LAS  \\$aW1711-1225$b00$c20171203$lBLL01$h1045
=STA  \\$aSUPPRESSED$bunable to determine reason for suppression

