=LDR  01487 cm a2200433 i 4500
=001  015961924
=003  Uk
=005  20130816104354.0
=006  m\\\\\\\\u\\||||||
=007  cr\|||||||||||
=008  111104s2011\\\\enkzzl\|\||||||n\\|\zxx\\
=040  \\$aUk$beng$cUk$erda
=042  \\$aukblsr
=082  04$a786.2$223
=100  1\$aSorabji, Kaikhosru Shapurji,$d1892-1988,$ecomposer.
=240  10$aSequentia cyclica super Dies irae
=245  10$aSequentia cyclica :$bDies irae /$cSorabji ; [edited by Alexander Abercrombie].
=264  \1$a[Bath, England] :$b[Sorabji Music Archive],$c[2011]
=300  \\$a1 online resource (1 score (377 pages)) :$bPDF
=336  \\$anotated music$2rdacontent
=337  \\$acomputer$2rdamedia
=338  \\$aonline resource$2rdacarrier
=500  \\$aFor piano.
=500  \\$aTitle from PDF caption title.
=500  \\$aPDF viewed on 15 August 2013.
=546  \\$bStaff notation.
=650  \0$aPiano music.
=650  \0$aDies irae (Music)
=700  1\$aAbercrombie, Alexander,$eeditor.
=852  41$aBritish Library$bMUSIC$jDigital store
=CAT  \\$a12664$b40$c20111104$lBLL01$h1432
=CAT  \\$a12664$b40$c20111117$lBLL01$h1552
=CAT  \\$a12664$b40$c20120206$lBLL01$h0822
=CAT  \\$a12274$b40$c20130816$lBLL01$h1043
=CAT  \\$aW1711-1225$c20171203$lBLL01$h1045
=FIN  \\$aY$d20130816
=FMT  \\$a  MU
=LAS  \\$aW1711-1225$b00$c20171203$lBLL01$h1045
=STA  \\$aSUPPRESSED$bunable to determine reason for suppression

