=LDR  01668 cm a2200469 i 4500
=001  015961934
=003  Uk
=005  20130813145419.0
=006  m\\\\\\\\u\\||||||
=007  cr\|||||||||||
=008  111104s2011\\\\enkzzl\|o||||||n\\|\zxx\\
=028  30$aKSS 77$bSorabji Music Archive
=040  \\$aUk$beng$cUk$erda
=042  \\$aukblsr
=082  04$a786.2$223
=100  1\$aSorabji, Kaikhosru Shapurji,$d1892-1988,$ecomposer.
=240  10$aPasseggiata veneziana
=245  10$aPasseggiata Veneziana (sopra la Barcarolla di Offenbach) /$cKaikhosru Shapurji Sorabji.
=264  \1$a[Bath, England] :$b[Sorabji Archive],$c[2011]
=300  \\$a1 online resource (1 score (24 pages)) :$bPDF
=336  \\$anotated music$2rdacontent
=337  \\$acomputer$2rdamedia
=338  \\$aonline resource$2rdacarrier
=500  \\$aFor piano.
=500  \\$aTitle from PDF caption title.
=500  \\$aPDF viewed on 13 August 2013.
=546  \\$bStaff notation.
=650  \0$aPiano music.
=700  1\$aOffenbach, Jacques,$d1819-1880.$tContes d'Hoffmann.$pBelle nuit.
=852  41$aBritish Library$bMUSIC$jDigital store
=CAT  \\$a12664$b40$c20111104$lBLL01$h1439
=CAT  \\$a12664$b40$c20111117$lBLL01$h1553
=CAT  \\$a12664$b40$c20120206$lBLL01$h0809
=CAT  \\$a12664$b40$c20120206$lBLL01$h0818
=CAT  \\$a12664$b40$c20120206$lBLL01$h0819
=CAT  \\$a12664$b40$c20120206$lBLL01$h0820
=CAT  \\$a12274$b40$c20130813$lBLL01$h1454
=CAT  \\$aW1711-1225$c20171203$lBLL01$h1045
=FIN  \\$aY$d20130813
=FMT  \\$a  MU
=LAS  \\$aW1711-1225$b00$c20171203$lBLL01$h1045
=STA  \\$aSUPPRESSED$bunable to determine reason for suppression

