=LDR  01812 cm a2200481 i 4500
=001  015961941
=003  Uk
=005  20140612162750.0
=006  m\\\\\\\\u\\||||||
=007  cr\|||||||||||
=008  111104s2009\\\\enkopa\\oh\\\\\n\\\\eng\\
=040  \\$aUk$beng$cUk$erda
=042  \\$aukblsr
=082  04$a782.1$223
=100  1\$aSorabji, Kaikhosru Shapurji,$d1892-1988,$ecomposer.
=245  10$aMusic to 'The rider by night' :$bfor small orchestra and voices, (1919) /$cKaikhosru Shapurji Sorabji ; text by Robert Nichols.
=250  \\$aCritical edition /$bby Marc-André Roberge.
=264  \1$aBath, England :$bThe Sorabji Archive,$c2009.
=300  \\$a1 online resource (1 score (38 pages)) :$bPDF
=336  \\$anotated music$2rdacontent
=337  \\$acomputer$2rdamedia
=338  \\$aonline resource$2rdacarrier
=500  \\$aFor speaking and singing voices and chamber orchestra.
=500  \\$aIncomplete work.
=500  \\$aEnglish words.
=500  \\$aIncludes introduction and critical report.
=500  \\$aLibretto presented separately after the music.
=546  \\$bStaff notation.
=650  \0$aDramatic music.
=700  1\$aRoberge, Marc-André,$d1955-$eeditor.
=700  1\$aNichols, Robert,$d1893-1944,$elibrettist.
=852  41$aBritish Library$bMUSIC$jDigital store
=CAT  \\$a12664$b40$c20111104$lBLL01$h1448
=CAT  \\$a12664$b40$c20111117$lBLL01$h1553
=CAT  \\$a12274$b40$c20130709$lBLL01$h1433
=CAT  \\$a12274$b40$c20130709$lBLL01$h1657
=CAT  \\$aBATCH-UPD$b40$c20140322$lBLL01$h1839
=CAT  \\$a12274$b40$c20140612$lBLL01$h1627
=CAT  \\$aW1711-1225$c20171203$lBLL01$h1045
=FIN  \\$aY$d20130709
=FMT  \\$a  MU
=LAS  \\$aW1711-1225$b00$c20171203$lBLL01$h1045
=STA  \\$aSUPPRESSED$bunable to determine reason for suppression

