=LDR  01848 cm a2200457 i 4500
=001  015971777
=003  Uk
=005  20140529141754.0
=006  m\\\\\\\\u\\||||||
=007  cr\|||||||||||
=008  111117r20111925enksyl\|o||||||n\\|\zxx\\
=040  \\$aUk$beng$cUk$erda
=042  \\$aukblsr
=082  04$a786.5$223
=100  1\$aSorabji, Kaikhosru Shapurji,$d1892-1988,$ecomposer.
=240  10$aSymphonies,$morgan,$nno. 1
=245  10$aOrgan symphony no.1 /$cKaikhosru Sorabji ; new edition by Kevin Bowyer.
=250  \\$aNew corrected edition /$bby Kevin Bowyer.
=264  \1$a[Bath, England] :$b[Sorabji Music Archive],$c[2011]
=264  \4$c©1925
=300  \\$a1 online resource (1 score (107 pages))
=336  \\$anotated music$2rdacontent
=337  \\$acomputer$2rdamedia
=338  \\$aonline resource$2rdacarrier
=347  \\$aPDF$2rda
=500  \\$aPDF reproduction of an annotated copy (photocopy?) of 1925 publication.
=500  \\$aDate of edition 1988.
=534  \\$pElectronic reproduction of (manifestation): Organ symphony / Kaikhosru Sorabji. London : J. Curwen and Sons, 1925.$aSorabji, Kaikhosru Shapurji, 1892-1988.$tOrgan symphony.$cLondon : J. Curwen and Sons, 1925.$nPublisher's numbers: KS 13 Curwen and Sons Ltd., Curwen Edition 999.009.
=546  \\$bStaff notation.
=650  \0$aSymphonies (Organ)
=700  1\$aBowyer, Kevin,$d1961-$eeditor.
=852  41$aBritish Library$bMUSIC$jDigital store
=CAT  \\$a12664$b40$c20111117$lBLL01$h1604
=CAT  \\$a12664$b40$c20111117$lBLL01$h1610
=CAT  \\$a12274$b40$c20130710$lBLL01$h1700
=CAT  \\$a12274$b40$c20140529$lBLL01$h1417
=CAT  \\$aW1711-1225$c20171203$lBLL01$h1045
=FIN  \\$aY$d20130710
=FMT  \\$a  MU
=LAS  \\$aW1711-1225$b00$c20171203$lBLL01$h1045
=STA  \\$aSUPPRESSED$bunable to determine reason for suppression

