=LDR  01772 cm a2200481 i 4500
=001  015971783
=003  Uk
=005  20140529141433.0
=006  m\\\\\\\\u\\||||||
=007  cr\|||||||||||
=008  111117s2011\\\\enksyl\|o||||||n\\|\zxx\\
=040  \\$aUk$beng$cUk$erda
=042  \\$aukblsr
=082  04$a786.5184$223
=100  1\$aSorabji, Kaikhosru Shapurji,$d1892-1988,$ecomposer.
=240  10$aSymphonies,$morgan,$nno. 2
=245  10$aSecond symphony for organ :$bMCMXXIX /$cKaikhosru Sorabji ; [new edition by Kevin Bowyer].
=264  \1$a[Bath, England] :$b[Sorabji Music Archive],$c[2011]
=300  \\$a1 online resource (1 score (396 pages))
=336  \\$anotated music$2rdacontent
=337  \\$acomputer$2rdamedia
=338  \\$aonline resource$2rdacarrier
=347  \\$aPDF$brda
=500  \\$aReproduction of editor's manuscript.
=500  \\$a"Copy made by Kevin Bowyer from the composer's manuscript. Oxford/Warwick January 1988-August 1991."
=500  \\$aTitle from PDF caption title.
=500  \\$aPDF viewed on 15 August 2013.
=546  \\$bStaff notation.
=650  \0$aSymphonies (Organ)
=650  \0$aMusic$vManuscripts$vFacsimiles.
=700  1\$aBowyer, Kevin,$d1961-$eeditor.
=852  41$aBritish Library$bMUSIC$jDigital store
=CAT  \\$a12664$b40$c20111117$lBLL01$h1611
=CAT  \\$a12664$b40$c20111117$lBLL01$h1613
=CAT  \\$a12664$b40$c20111117$lBLL01$h1615
=CAT  \\$a12664$b40$c20111118$lBLL01$h1441
=CAT  \\$a12274$b40$c20130815$lBLL01$h1559
=CAT  \\$a12274$b40$c20140529$lBLL01$h1414
=CAT  \\$aW1711-1225$c20171203$lBLL01$h1045
=FIN  \\$aY$d20130815
=FMT  \\$a  MU
=LAS  \\$aW1711-1225$b00$c20171203$lBLL01$h1045
=STA  \\$aSUPPRESSED$bunable to determine reason for suppression

