=LDR  01839 cm a2200493 i 4500
=001  015971790
=003  Uk
=005  20130821122221.0
=006  m\\\\\\\\u\\||||||
=007  cr\|||||||||||
=008  111125s2011\\\\enksga\|o||||||n\\|\fre\\
=040  \\$aUk$beng$cUk$erda
=042  \\$aukblsr
=082  04$a783.6642$223
=100  1\$aSorabji, Kaikhosru Shapurji,$d1892-1988,$ecomposer.
=245  12$aL'heure exquise :$b1916 /$cKaikhosru Shapurji Sorabji ; [words by] Paul Verlaine.
=264  \1$a[Bath, England] :$b[Sorabji Music Archive],$c[2011]
=300  \\$a1 online resource (1 score (4 pages)) :$bPDF
=336  \\$anotated music$2rdacontent
=337  \\$acomputer$2rdamedia
=338  \\$aonline resource$2rdacarrier
=500  \\$aFor soprano and piano.
=500  \\$aText also presented separately with an English translation by Charles Hopkins.
=500  \\$a"Edited and copied by Marc-André Hamelin, 7/1/1992"--page 4.
=500  \\$aTitle from PDF caption title.
=500  \\$aPDF viewed on 20 June 2013.
=546  \\$aFrench words.
=546  \\$bStaff notation.
=600  10$aVerlaine, Paul,$d1844-1896$vMusical settings.
=650  \0$aSongs (High voice) with piano.
=650  \0$aSongs, French.
=700  1\$aVerlaine, Paul,$d1844-1896.
=700  1\$aHopkins, Charles,$c-2007,$etranslator.
=700  1\$aHamelin, Marc-André,$d1961-$eeditor.
=852  41$aBritish Library$bMUSIC$jDigital store
=CAT  \\$a12664$b40$c20111117$lBLL01$h1625
=CAT  \\$a12664$b40$c20111117$lBLL01$h1632
=CAT  \\$a12274$b40$c20130620$lBLL01$h1719
=CAT  \\$a12274$b40$c20130821$lBLL01$h1222
=CAT  \\$aW1711-1225$c20171203$lBLL01$h1046
=FIN  \\$aY$d20130620
=FMT  \\$a  MU
=LAS  \\$aW1711-1225$b00$c20171203$lBLL01$h1046
=STA  \\$aSUPPRESSED$bunable to determine reason for suppression

