=LDR  01956 cm a2200505 i 4500
=001  015971797
=003  Uk
=005  20140612162742.0
=006  m\\\\\\\\u\\||||||
=007  cr\|||||||||||
=008  111125s2009\\\\enksga\|o||||||n\\|\fre\\
=040  \\$aUk$beng$cUk$erda
=041  0\$afre$efre$eeng$nfre
=042  \\$aukblsr
=082  04$a783.6642$223
=100  1\$aSorabji, Kaikhosru Shapurji,$d1892-1988,$ecomposer.
=245  12$aL'heure exquise :$bsong for soprano and piano (1916) /$cKaikhosru Shapurji Sorabji ; [words by] Verlaine.
=250  \\$aCritical edition /$bby Marc-André Roberge.
=264  \1$aBath, England :$bThe Sorabji Archive,$c2009.
=300  \\$a1 online resource (1 score (9 pages)) :$bPDF
=336  \\$anotated music$2rdacontent
=337  \\$acomputer$2rdamedia
=338  \\$aonline resource$2rdacarrier
=500  \\$aIncludes introduction and critical report in English.
=500  \\$aText also presented separately with an English translation by Charles Hopkins.
=530  \\$aEdition published on demand by the Sorabji Archive as a bound photocopy.
=546  \\$aFrench words.
=546  \\$bStaff notation.
=600  10$aVerlaine, Paul,$d1844-1896$vMusical settings.
=650  \0$aSongs (High voice) with piano.
=650  \0$aSongs, French.
=700  1\$aVerlaine, Paul,$d1844-1896.
=700  1\$aHopkins, Charles,$c-2007,$etranslator.
=700  1\$aRoberge, Marc-André,$d1955-$eeditor.
=852  41$aBritish Library$bMUSIC$jDigital store
=CAT  \\$a12664$b40$c20111117$lBLL01$h1633
=CAT  \\$a12274$b40$c20130620$lBLL01$h1712
=CAT  \\$a12274$b40$c20130821$lBLL01$h1223
=CAT  \\$aBATCH-UPD$b40$c20140322$lBLL01$h1839
=CAT  \\$a12274$b40$c20140612$lBLL01$h1627
=CAT  \\$aW1711-1225$c20171203$lBLL01$h1046
=FIN  \\$aY$d20130620
=FMT  \\$a  MU
=LAS  \\$aW1711-1225$b00$c20171203$lBLL01$h1046
=STA  \\$aSUPPRESSED$bunable to determine reason for suppression

