=LDR  01768 cm a2200469 i 4500
=001  015971802
=003  Uk
=005  20140612162734.0
=006  m\\\\\\\\u\\||||||
=007  cr\|||||||||||
=008  111124s2009\\\\enksga\|o||||||n\\|\fre\\
=040  \\$aUk$beng$cUk$erda
=042  \\$aukblsr
=082  04$a783.342$223
=100  1\$aSorabji, Kaikhosru Shapurji,$d1892-1988,$ecomposer.
=245  12$aL'irrémédiable :$b(1927) song for voice and piano /$cKaikhosru Shapurji Sorabji ; [text by] Charles Baudelaire.
=250  \\$aCritical edition /$bby Marc-André Roberge.
=264  \1$aBath, England :$bThe Sorabji Archive,$c2009.
=300  \\$a1 online resource (1 score (19 pages)) :$bPDF
=336  \\$anotated music$2rdacontent
=337  \\$acomputer$2rdamedia
=338  \\$aonline resource$2rdacarrier
=500  \\$aFor high voice and piano.
=500  \\$aDedicated to Madame Blanche Marchesi.
=530  \\$aEdition published on demand by the Sorabji Archive as a bound photocopy.
=546  \\$aFrench words.
=546  \\$bStaff notation.
=600  10$aBaudelaire, Charles,$d1821-1867$vMusical settings.
=650  \0$aSongs (High voice) with piano.
=650  \0$aSongs, French.
=700  1\$aBaudelaire, Charles,$d1821-1867.
=700  1\$aMarchesi, Blanche,$d1863-1940,$ededicatee.
=852  41$aBritish Library$bMUSIC$jDigital store
=CAT  \\$a12664$b40$c20111117$lBLL01$h1642
=CAT  \\$a12664$b40$c20111117$lBLL01$h1653
=CAT  \\$a12274$b40$c20130620$lBLL01$h1729
=CAT  \\$a12274$b40$c20140612$lBLL01$h1627
=CAT  \\$aW1711-1225$c20171203$lBLL01$h1046
=FIN  \\$aY$d20130620
=FMT  \\$a  MU
=LAS  \\$aW1711-1225$b00$c20171203$lBLL01$h1046
=STA  \\$aSUPPRESSED$bunable to determine reason for suppression

