=LDR  01509 cm a2200433 i 4500
=001  015971805
=003  Uk
=005  20140612162243.0
=006  m\\\\\\\\u\\||||||
=007  cr\|||||||||||
=008  111117s2011\\\\enkzzz\|o||||||n\\|\zxx\\
=040  \\$aUk$beng$cUk$erda
=042  \\$aukblsr
=082  04$a786.2$223
=100  1\$aSorabji, Kaikhosru Shapurji,$d1892-1988,$ecomposer.
=240  10$aFrammenti aforistici$n(1962)
=245  10$aSutras :$bFrammenti aforistici /$cKaikhosru Shapurji Sorabji.
=264  \1$a[Bath, England] :$b[Sorabji Music Archive],$c[2011]
=300  \\$a1 online resource (1 score (37 pages)) :$bPDF
=336  \\$anotated music$2rdacontent
=337  \\$acomputer$2rdamedia
=338  \\$aonline resource$2rdacarrier
=500  \\$aFor piano.
=500  \\$aDedicated to Donald Garvelmann.
=500  \\$aReproduced from holograph.
=546  \\$bStaff notation.
=600  10$aSorabji, Kaikhosru Shapurji,$d1892-1988$vManuscripts$vFacsimiles.
=650  \0$aPiano music.
=650  \0$aMusic$vManuscripts$vFacsimiles.
=700  1\$aGarvelmann, Donald,$ededicatee.
=852  41$aBritish Library$bMUSIC$jDigital store
=CAT  \\$a12664$b40$c20111117$lBLL01$h1659
=CAT  \\$a12274$b40$c20130618$lBLL01$h1701
=CAT  \\$a12274$b40$c20140612$lBLL01$h1622
=CAT  \\$aW1711-1225$c20171203$lBLL01$h1046
=FIN  \\$aY$d20130618
=FMT  \\$a  MU
=LAS  \\$aW1711-1225$b00$c20171203$lBLL01$h1046
=STA  \\$aSUPPRESSED$bunable to determine reason for suppression

