=LDR  01882 cm a2200493 i 4500
=001  015971809
=003  Uk
=005  20140612162221.0
=006  m\\\\\\\\u\\||||||
=007  cr\|||||||||||
=008  111104s2011\\\\enkvrz\|\||||||n\\|\zxx\\
=040  \\$aUk$beng$cUk$erda
=042  \\$aukblsr
=082  04$a786.2$223
=100  1\$aSorabji, Kaikhosru Shapurji,$d1892-1988,$ecomposer.
=240  10$aVariazioni frivoli con una fuga anarchica, eretica e perversa
=245  13$aIl gallino d'oro da Rimsky-Korsakov :$bvariazioni frivoli con una fuga anarchica, eretica e perversa /$cKaikhosru Shapurji Sorabji.
=246  31$aGolden cockerel crows
=264  \1$a[Bath, England] :$b[Sorabji Archive],$c[2011]
=300  \\$a1 online resource (1 score (93 pages)) :$bPDF
=336  \\$anotated music$2rdacontent
=337  \\$acomputer$2rdamedia
=338  \\$aonline resource$2rdacarrier
=500  \\$aFor piano.
=500  \\$aParallel title in caption: The golden cockerell crows.
=500  \\$aWork composed 1978-1979.
=500  \\$aDedicated to Michael Habermann.
=500  \\$aReproduced from holograph.
=546  \\$bStaff notation.
=600  10$aSorabji, Kaikhosru Shapurji,$d1892-1988$vManuscripts$vFacsimiles.
=650  \0$aVariations (Piano)
=650  \0$aCanons, fugues, etc. (Piano)
=650  \0$aMusic$vManuscripts$vFacsimiles.
=700  1\$aHabermann, Michael,$ededicatee.
=700  1\$aRimsky-Korsakov, Nikolay,$d1844-1908.$tZolotoĭ petushok.
=852  41$aBritish Library$bMUSIC$jDigital store
=CAT  \\$a12664$b40$c20111117$lBLL01$h1713
=CAT  \\$a12274$b40$c20130619$lBLL01$h1200
=CAT  \\$a12274$b40$c20140612$lBLL01$h1622
=CAT  \\$aW1711-1225$c20171203$lBLL01$h1046
=FIN  \\$aY$d20130619
=FMT  \\$a  MU
=LAS  \\$aW1711-1225$b00$c20171203$lBLL01$h1046
=STA  \\$aSUPPRESSED$bunable to determine reason for suppression

