=LDR  01858 cm a2200469 i 4500
=001  015972056
=003  Uk
=005  20140612162209.0
=006  m\\\\\\\\u\\||||||
=007  cr\|||||||||||
=008  111118s2011\\\\enkzza\|o||||||n\\|\zxx\\
=040  \\$aUk$beng$cUk$erda
=042  \\$aukblsr
=082  04$a785.28197$223
=100  1\$aSorabji, Kaikhosru Shapurji,$d1892-1988,$ecomposer.
=245  10$aConcertino non grosso :$bfor string septet : with piano obbligato quasi continuo /$cKaikhosru Shapurji Sorabji.
=264  \1$a[Bath, England] :$b[Sorabji Music Archive],$c[2011]
=300  \\$a1 online resource (1 score (48 pages)) :$bPDF
=336  \\$anotated music$2rdacontent
=337  \\$acomputer$2rdamedia
=338  \\$aonline resource$2rdacarrier
=500  \\$aFor 4 violins, viola, cello and piano.
=500  \\$aWork composed 1968.
=500  \\$aEditor's note: "Whilst the ms. specifies two cellos, its contents include text for only one"--before page 1.
=500  \\$aReproduced from composer's manuscript.
=546  \\$bStaff notation.
=600  10$aSorabji, Kaikhosru Shapurji,$d1892-1988$vManuscripts$vFacsimiles.
=650  \0$aSeptets (Piano, violins (4), viola, cello)$vScores.
=650  \0$aMusic$vManuscripts$vFacsimiles.
=852  41$aBritish Library$bMUSIC$jDigital store
=CAT  \\$a12664$b40$c20111118$lBLL01$h1322
=CAT  \\$a12664$b40$c20111118$lBLL01$h1323
=CAT  \\$a12664$b40$c20111118$lBLL01$h1325
=CAT  \\$a12274$b40$c20130614$lBLL01$h1234
=CAT  \\$a12274$b40$c20130614$lBLL01$h1237
=CAT  \\$a12274$b40$c20130614$lBLL01$h1245
=CAT  \\$a12274$b40$c20140612$lBLL01$h1622
=CAT  \\$aW1711-1225$c20171203$lBLL01$h1046
=FIN  \\$aY$d20130614
=FMT  \\$a  MU
=LAS  \\$aW1711-1225$b00$c20171203$lBLL01$h1046
=STA  \\$aSUPPRESSED$bunable to determine reason for suppression

