=LDR  01501 cm a2200409 i 4500
=001  015972064
=003  Uk
=005  20140612162153.0
=006  m\\\\\\\\u\\||||||
=007  cr\|||||||||||
=008  111013s2011\\\\enkzza\|o||||||n\\|\zxx\\
=040  \\$aUk$beng$cUk$erda
=042  \\$aukblsr
=082  04$a785.8193$223
=100  1\$aSorabji, Kaikhosru Shapurji,$d1892-1988,$ecomposer.
=245  10$aFantasiettina atematica :$bfor oboe, flute, and clarinet : 1981 : per A. B.-P. per divertirsi! /$cKaikhosru Shapurji Sorabji.
=250  \\$aEdition /$bby Anthony Burton-Page.
=264  \1$a[Bath, England] :$b[Sorabji Archive],$c[2011]
=300  \\$a1 online resource (1 score (4 pages)) :$bPDF
=336  \\$anotated music$2rdacontent
=337  \\$acomputer$2rdamedia
=338  \\$aonline resource$2rdacarrier
=500  \\$aWork composed 1981.
=500  \\$aReproduced from manuscript.
=546  \\$bStaff notation.
=650  \0$aWoodwind trios (Clarinet, flute, oboe)$vScores.
=650  \0$aMusic$vManuscripts$vFacsimiles.
=700  1\$aBurton-Page, Anthony,$ededicatee,$eeditor.
=852  41$aBritish Library$bMUSIC$jDigital store
=CAT  \\$a12664$b40$c20111118$lBLL01$h1332
=CAT  \\$a12274$b40$c20130618$lBLL01$h1428
=CAT  \\$a12274$b40$c20140612$lBLL01$h1621
=CAT  \\$aW1711-1225$c20171203$lBLL01$h1046
=FIN  \\$aY$d20130618
=FMT  \\$a  MU
=LAS  \\$aW1711-1225$b00$c20171203$lBLL01$h1046
=STA  \\$aSUPPRESSED$bunable to determine reason for suppression

