=LDR  01587 cm a2200421 i 4500
=001  015972081
=003  Uk
=005  20140612163214.0
=006  m\\\\\\\\u\\||||||
=007  cr\|||||||||||
=008  111118s2005\\\\enkzzz\|o||||||n\\|\zxx\\
=028  32$aKSS 48a$bSorabji Music Archive
=040  \\$aUk$beng$cUk$erda
=042  \\$aukblsr
=082  04$a786.2$223
=100  1\$aSorabji, Kaikhosru Shapurji,$d1892-1988,$ecomposer.
=240  10$aPassacaglia,$mpiano
=245  10$aIntroduction, passacaglia, cadenza and fugue :$ban edition and completion of Sorabji's unfinished Passacaglia for solo piano /$cKaikhosru Shapurji Sorabji ; Alexander Abercrombie.
=264  \1$a[Bath, England] :$b[Sorabji Archive],$c2005.
=300  \\$a1 online resource (1 score (79 pages)) :$bPDF
=336  \\$anotated music$2rdacontent
=337  \\$acomputer$2rdamedia
=338  \\$aonline resource$2rdacarrier
=500  \\$a"In memory of Feruccio Busoni".
=546  \\$bStaff notation.
=650  \0$aPiano music.
=650  \0$aCanons, fugues, etc. (Piano)
=700  1\$aAbercrombie, Alexander,$ecomposer (expression),$eeditor.
=700  1\$aBusoni, Ferruccio,$d1866-1924,$ededicatee.
=852  41$aBritish Library$bMUSIC$jDigital store
=CAT  \\$a12664$b40$c20111118$lBLL01$h1350
=CAT  \\$a12274$b40$c20130619$lBLL01$h1737
=CAT  \\$a12274$b40$c20140612$lBLL01$h1632
=CAT  \\$aW1711-1225$c20171203$lBLL01$h1046
=FIN  \\$aY$d20130619
=FMT  \\$a  MU
=LAS  \\$aW1711-1225$b00$c20171203$lBLL01$h1046
=STA  \\$aSUPPRESSED$bunable to determine reason for suppression

