=LDR  01643 cm a2200433 i 4500
=001  015972087
=003  Uk
=005  20140612162335.0
=006  m\\\\\\\\u\\||||||
=007  cr\|||||||||||
=008  111118s2011\\\\enkopl\|o||||||n\\|\zxx\\
=040  \\$aUk$beng$cUk$erda
=042  \\$aukblsr
=082  04$a786.2$223
=100  1\$aStrauss, Richard,$d1864-1949,$ecomposer.
=240  10$aSalome.$pAh! Du wolltest mich;$oarranged
=245  10$aSchluss-Szene aus Salome :$bMCMXLVII /$cRichard Strauss ; Konzertmässige Übertragung für Klavier zu zwei Hände von Kaikhosru Shapurji Sorabji.
=264  \1$a[Bath, England] :$b[Sorabji Music Archive],$c[2011]
=300  \\$a1 online resource (1 score (24 pages)) :$bPDF
=336  \\$anotated music$2rdacontent
=337  \\$acomputer$2rdamedia
=338  \\$aonline resource$2rdacarrier
=500  \\$aArranged for piano.
=500  \\$aReproduced from holograph.
=546  \\$bStaff notation.
=600  10$aSorabji, Kaikhosru Shapurji,$d1892-1988$vManuscripts$vFacsimiles.
=650  \0$aOperas$vExcerpts, Arranged.
=650  \0$aPiano music, Arranged.
=650  \0$aMusic$vManuscripts$vFacsimiles.
=700  1\$aSorabji, Kaikhosru Shapurji,$d1892-1988,$earranger of music.
=852  41$aBritish Library$bMUSIC$jDigital store
=CAT  \\$a12664$b40$c20111118$lBLL01$h1358
=CAT  \\$a12274$b40$c20130815$lBLL01$h1455
=CAT  \\$a12274$b40$c20140612$lBLL01$h1623
=CAT  \\$aW1711-1225$c20171203$lBLL01$h1046
=FIN  \\$aY$d20130815
=FMT  \\$a  MU
=LAS  \\$aW1711-1225$b00$c20171203$lBLL01$h1046
=STA  \\$aSUPPRESSED$bunable to determine reason for suppression

