=LDR  01674 cm a2200457 i 4500
=001  015972097
=003  Uk
=005  20140813094120.0
=006  m\\\\\\\\u\\||||||
=007  cr\|||||||||||
=008  111118s2011\\\\enkzzl\|o||||||n\\|\zxx\\
=040  \\$aUk$beng$cUk$erda
=042  \\$aukblsr
=082  04$a786.2$223
=100  1\$aSorabji, Kaikhosru Shapurji,$d1892-1988,$ecomposer.
=240  10$aPastiches.$pChopin, Valse, op. 64, no. 1
=245  10$aPasticcio capriccioso sopra l'op. 64, no 1 del Chopin /$cKaikhosru Sorabji.
=264  \1$a[Bath, England] :$b[Sorabji Archive],$c[2011]
=300  \\$a1 online resource (1 score (8 pages)) :$bPDF
=336  \\$anotated music$2rdacontent
=337  \\$acomputer$2rdamedia
=338  \\$aonline resource$2rdacarrier
=500  \\$aFor piano.
=500  \\$aReproduced from holograph.
=500  \\$aHolograph dated 1933.
=546  \\$bStaff notation.
=600  10$aSorabji, Kaikhosru Shapurji,$d1892-1988$vManuscripts$vFacsimiles.
=650  \0$aPiano music.
=650  \0$aMusic$vManuscripts$vFacsimiles.
=700  1\$iImitation of.$aChopin, Frédéric,$d1810-1849.$tWaltzes,$mpiano,$nop. 64.$nNo. 1.
=852  41$aBritish Library$bMUSIC$jDigital store
=CAT  \\$a12664$b40$c20111118$lBLL01$h1408
=CAT  \\$a12274$b40$c20130813$lBLL01$h1531
=CAT  \\$a12274$b40$c20140612$lBLL01$h1621
=CAT  \\$a12274$b40$c20140813$lBLL01$h0941
=CAT  \\$aBATCH-UPD$b40$c20171113$lBLL01$h2056
=CAT  \\$aW1711-1225$c20171203$lBLL01$h1046
=FIN  \\$aY$d20130813
=FMT  \\$a  MU
=LAS  \\$aW1711-1225$b00$c20171203$lBLL01$h1046
=STA  \\$aSUPPRESSED$bunable to determine reason for suppression

