=LDR  01665 cm a2200457 i 4500
=001  015972115
=003  Uk
=005  20140612162115.0
=006  m\\\\\\\\u\\||||||
=007  cr\|||||||||||
=008  111118s2011\\\\enkzzl\|o||||||n\\|\zxx\\
=040  \\$aUk$beng$cUk$erda
=042  \\$aukblsr
=082  04$a786.2$223
=100  1\$aSorabji, Kaikhosru Shapurji,$d1892-1988,$ecomposer.
=240  10$aSequentia cyclica super Dies irae
=245  10$aSequentia cyclica :$bsuper 'Dies irae' ex Missa pro defunctis in clavicembali usum /$cKaikhosru Shapurji Sorabji scripsit.
=264  \1$a[Bath, England] :$b[Sorabji Music Archive],$c[2011]
=300  \\$a1 online resource (1 score (332 pages)) :$bPDF
=336  \\$anotated music$2rdacontent
=337  \\$acomputer$2rdamedia
=338  \\$aonline resource$2rdacarrier
=500  \\$aFor piano.
=500  \\$aReproduced from holograph.
=546  \\$bStaff notation.
=600  10$aSorabji, Kaikhosru Shapurji,$d1892-1988$vManuscripts$vFacsimiles.
=650  \0$aPiano music.
=650  \0$aDies irae (Music)
=650  \0$aMusic$vManuscripts$vFacsimiles.
=852  41$aBritish Library$bMUSIC$jDigital store
=CAT  \\$a12664$b40$c20111118$lBLL01$h1431
=CAT  \\$a12664$b40$c20111118$lBLL01$h1432
=CAT  \\$a12664$b40$c20111118$lBLL01$h1434
=CAT  \\$aBATCH-UPD$b40$c20130607$lBLL01$h2145
=CAT  \\$a12274$b40$c20130816$lBLL01$h1056
=CAT  \\$a12274$b40$c20140612$lBLL01$h1621
=CAT  \\$aW1711-1225$c20171203$lBLL01$h1046
=FIN  \\$aY$d20130816
=FMT  \\$a  MU
=LAS  \\$aW1711-1225$b00$c20171203$lBLL01$h1046
=STA  \\$aSUPPRESSED$bunable to determine reason for suppression

