=LDR  01561 cm a2200433 a 4500
=001  015972126
=003  Uk
=005  20140529141203.0
=006  m\\\\\\\\u\\||||||
=007  cr\|||||||||||
=008  111118s2011\\\\enkvrl\|o||||||n\\|\zxx\\
=040  \\$aUk$beng$cUk$erda
=042  \\$aukblsr
=082  04$a786.21825$223
=100  1\$aSorabji, Kaikhosru Shapurji,$d1892-1988,$ecomposer.
=240  10$aVariazione maliziosa e perversa
=245  10$aVariazione maliziosa e perversa sopra La morte d'Ase da Grieg :$bfor piano solo /$cKaikhosru Shapurji Sorabji ; edition by Chris Rice.
=264  \1$a[Bath, England] :$b[Sorabji Music Archive],$c[2011]
=300  \\$a1 online resource (1 score (2 pages))
=336  \\$anotated music$2rdacontent
=337  \\$acomputer$2rdamedia
=338  \\$aonline resource$2rdacarrier
=347  \\$aPDF$2rda
=500  \\$aDate of edition 1974.
=500  \\$aReproduction of editor's manuscript.
=546  \\$bStaff notation.
=650  \0$aVariations (Piano)
=650  \0$aMusic$vManuscripts$vFacsimiles.
=700  1\$aRice, Chris$c(Record producer),$eeditor.
=852  41$aBritish Library$bMUSIC$jDigital store
=CAT  \\$a12664$b40$c20111118$lBLL01$h1443
=CAT  \\$a12274$b40$c20130828$lBLL01$h1536
=CAT  \\$a10743$b40$c20131001$lBLL01$h1443
=CAT  \\$a12274$b40$c20140529$lBLL01$h1412
=CAT  \\$aW1711-1225$c20171203$lBLL01$h1046
=FIN  \\$aY$d20130828
=FMT  \\$a  MU
=LAS  \\$aW1711-1225$b00$c20171203$lBLL01$h1046
=STA  \\$aSUPPRESSED$bunable to determine reason for suppression

