=LDR  01469 cm a2200421 i 4500
=001  015972144
=003  Uk
=005  20140612162108.0
=006  m\\\\\\\\u\\||||||
=007  cr\|||||||||||
=008  111118r20112007enkzzl\\o\\\\\\n\\\\zxx\\
=040  \\$aUk$beng$cUk$erda
=042  \\$aukblsr
=082  04$a786.2$223
=100  1\$aSorabji, Kaikhosru Shapurji,$d1892-1988,$ecomposer.
=245  10$aOpus secretum :$b(1980-81) /$cKaikhosru Shapurji Sorabji ; [edited by Thomas Smetryns and Lukas Huisman].
=264  \1$a[Bath, England] :$b[Sorabji Music Archive],$c[2011]
=300  \\$a1 online resource (1 score (48 pages) :$bPDF
=336  \\$anotated music$2rdacontent
=337  \\$acomputer$2rdamedia
=338  \\$aonline resource$2rdacarrier
=500  \\$aFor piano.
=500  \\$aDate of edition 2007.
=546  \\$bStaff notation.
=650  \0$aPiano music.
=700  1\$aSmetryns, Thomas,$d1977-$eeditor.
=700  1\$aHuisman, Lukas,$eeditor.
=852  41$aBritish Library$bMUSIC$jDigital store
=CAT  \\$a12664$b40$c20111118$lBLL01$h1536
=CAT  \\$a12274$b40$c20130709$lBLL01$h1656
=CAT  \\$a12274$b40$c20130709$lBLL01$h1659
=CAT  \\$a12274$b40$c20140612$lBLL01$h1621
=CAT  \\$aBATCH-UPD$b40$c20160715$lBLL01$h2108
=CAT  \\$aW1711-1225$c20171203$lBLL01$h1046
=FIN  \\$aY$d20130709
=FMT  \\$a  MU
=LAS  \\$aW1711-1225$b00$c20171203$lBLL01$h1046
=STA  \\$aSUPPRESSED$bunable to determine reason for suppression

