=LDR  01697 cm a2200445 i 4500
=001  015972148
=003  Uk
=005  20140529141112.0
=006  m\\\\\\\\u\\||||||
=007  cr\|||||||||||
=008  111118s2011\\\\enkzza\|o||||||n\\|\zxx\\
=040  \\$aUk$beng$cUk$erda
=042  \\$aukblsr
=082  04$a784.262$223
=100  1\$aSorabji, Kaikhosru Shapurji,$d1892-1988,$ecomposer.
=240  10$aOpusculum clavisymphonicum vel claviorchestrale
=245  10$aOpusculum clavisymphonicum vel claviorchestralis :$bfor piano with small orchestra /$cKaikhosru Shapurji Sorabji.
=264  \1$a[Bath, England] :$b[Sorabji Music Archive],$c[2011]
=300  \\$a1 online resource (1 score (334 pages))
=336  \\$anotated music$2rdacontent
=337  \\$acomputer$2rdamedia
=338  \\$aonline resource$2rdacarrier
=347  \\$aPDF$brda
=500  \\$aFor piano.
=500  \\$aPDF reproduction of holograph dated 1973.
=500  \\$a"NB This score is Alistair's property"--title page.
=546  \\$bStaff notation.
=600  10$aSorabji, Kaikhosru Shapurji,$d1892-1988$vManuscripts$vFacsimiles.
=650  \0$aPiano music.
=650  \0$aMusic$vManuscripts$vFacsimiles.
=852  41$aBritish Library$bMUSIC$jDigital store
=985  \\$aPreferred title from Sorabji resource site http://www.mus.ulaval.ca/roberge/srs/04-alter.htm
=CAT  \\$a12664$b40$c20111118$lBLL01$h1544
=CAT  \\$a12274$b40$c20130710$lBLL01$h1631
=CAT  \\$a12274$b40$c20140529$lBLL01$h1411
=CAT  \\$aW1711-1225$c20171203$lBLL01$h1046
=FIN  \\$aY$d20130710
=FMT  \\$a  MU
=LAS  \\$aW1711-1225$b00$c20171203$lBLL01$h1046
=STA  \\$aSUPPRESSED$bunable to determine reason for suppression

