=LDR  01675 cm a2200481 i 4500
=001  015972153
=003  Uk
=005  20140529141005.0
=006  m\\\\\\\\u\\||||||
=007  cr\|||||||||||
=008  111118s2011\\\\enkzzl\|o||||||n\\|\zxx\\
=040  \\$aUk$beng$cUk$erda
=042  \\$aukblsr
=082  04$a786.2$223
=100  1\$aSorabji, Kaikhosru Shapurji,$d1892-1988.
=240  10$aPasseggiata arlecchinesca
=245  10$aPasseggiata arlecchinesca sopra un frammento di Busoni :$b(Rondo arlecchinesco) : MCMLXXXII /$cKaikhosru Shapurji Sorabji.
=246  3\$aRondo arlecchinesco
=250  \\$aNew edition /$bby Donna Amato.
=264  \1$a[Bath, England] :$b[Sorabji Music Archive],$c[2011]
=300  \\$a1 online resource (1 score (30 pages))
=336  \\$anotated music$2rdacontent
=337  \\$acomputer$2rdamedia
=338  \\$aonline resource$2rdacarrier
=347  \\$aPDF$brda
=500  \\$aFor piano.
=500  \\$aWork composed 1982.
=500  \\$aPDF reproduction of editor's manuscript dated 1993.
=546  \\$bStaff notation.
=650  \0$aPiano music.
=650  \0$aMusic$vManuscripts$vFacsimiles.
=700  1\$aAmato, Donna,$eeditor.
=700  1\$aBusoni, Ferruccio,$d1866-1924.
=852  41$aBritish Library$bMUSIC$jDigital store
=CAT  \\$a12664$b40$c20111118$lBLL01$h1551
=CAT  \\$a12274$b40$c20130711$lBLL01$h1430
=CAT  \\$a12274$b40$c20130711$lBLL01$h1445
=CAT  \\$a12274$b40$c20140529$lBLL01$h1410
=CAT  \\$aW1711-1225$c20171203$lBLL01$h1046
=FIN  \\$aY$d20130711
=FMT  \\$a  MU
=LAS  \\$aW1711-1225$b00$c20171203$lBLL01$h1046
=STA  \\$aSUPPRESSED$bunable to determine reason for suppression

