=LDR  02310 cm a2200601 i 4500
=001  015975795
=003  Uk
=005  20130614103132.0
=006  m\\\\\\\\u\\||||||
=007  cr\|||||||||||
=008  111124s2011\\\\enksga\\o\\\\\\n\\\\fre\\
=040  \\$aUk$beng$cUk$erda
=041  \\$afre$eeng$hfre
=042  \\$aukblsr
=082  04$a783.342$223
=100  1\$aSorabji, Kaikhosru Shapurji,$d1892-1988,$ecomposer.
=245  10$aApparition :$bopus IV, No. 3 /$cK. Sorabji ; poésie de Mallarmé.
=264  \1$a[Bath] :$b[Sorabji Music Archive],$c[2011]
=300  \\$a1 online resource (1 score (5 pages)) :$bPDF
=336  \\$anotated music$2rdacontent
=337  \\$acomputer$2rdamedia
=338  \\$aonline resource$2rdacarrier
=500  \\$aFor high voice and piano.
=500  \\$aReproduced from holograph.
=500  \\$aEnglish translation by Charles Hopkins.
=500  \\$aTitle from PDF caption title.
=538  \\$aSystem requirements: Adobe Acrobat Reader.
=546  \\$aInterlinear French words; English translation of text presented separately.
=546  \\$bStaff notation.
=600  10$aSorabji, Kaikhosru Shapurji,$d1892-1988$vManuscripts$vFacsimiles.
=600  10$aMallarmé, Stéphane,$d1842-1898$vMusical settings.
=650  \0$aMusic$vManuscripts$vFacsimiles.
=650  \0$aSongs (High voice) with piano.
=700  1\$aHopkins, Charles,$c-2007,$etranslator.
=700  1\$aMallarmé, Stéphane,$d1842-1898,$eauthor.
=852  41$aBritish Library$bMUSIC$jDigital store
=CAT  \\$a12664$b40$c20111124$lBLL01$h1048
=CAT  \\$a12274$b40$c20120920$lBLL01$h1115
=CAT  \\$a12274$b40$c20120920$lBLL01$h1138
=CAT  \\$a12274$b40$c20120920$lBLL01$h1200
=CAT  \\$a12274$b40$c20120920$lBLL01$h1202
=CAT  \\$a12274$b40$c20120920$lBLL01$h1204
=CAT  \\$a12274$b40$c20120920$lBLL01$h1214
=CAT  \\$a12274$b40$c20120924$lBLL01$h1209
=CAT  \\$a12274$b40$c20120928$lBLL01$h1346
=CAT  \\$a12274$b40$c20130422$lBLL01$h1430
=CAT  \\$a12274$b40$c20130425$lBLL01$h1119
=CAT  \\$a12274$b40$c20130614$lBLL01$h1031
=CAT  \\$aW1711-1225$c20171203$lBLL01$h1046
=FIN  \\$aY$d20120920
=FMT  \\$a  MU
=LAS  \\$aW1711-1225$b00$c20171203$lBLL01$h1046
=STA  \\$aSUPPRESSED$bunable to determine reason for suppression

