=LDR  01737 cm a2200445 i 4500
=001  015975813
=003  Uk
=005  20140612162101.0
=006  m\\\\\\\\u\\||||||
=007  cr\|||||||||||
=008  111124s2011\\\\enksga\|o||||||n\\|\ita\\
=040  \\$aUk$beng$cUk$erda
=042  \\$aukblsr
=082  04$a783.8847$223
=100  1\$aSorabji, Kaikhosru Shapurji,$d1892-1988,$ecomposer.
=240  10$aSonetti di Michelangelo Buonarroti
=245  10$aCinque sonnetti di Michelangelo Buonarroti /$cin musica tornati da Kaikhosru Sorabji.
=264  \1$a[Bath, England] :$b[Sorabji Music Archive],$c[2011]
=300  \\$a1 online resource (1 score (40 pages)) :$bPDF
=336  \\$anotated music$2rdacontent
=337  \\$acomputer$2rdamedia
=338  \\$aonline resource$2rdacarrier
=500  \\$aFor baritone voice, flute, oboe, clarinet, bassoon, 4 violins, 2 violas, 2 cellos, contrabass and piano.
=500  \\$aReproduced from composer's manuscript.
=538  \\$aSystem requirements: Adobe Acrobat Reader.
=546  \\$aItalian words.
=546  \\$bStaff notation.
=600  10$aSorabji, Kaikhosru Shapurji,$d1892-1988$vManuscripts$vFacsimiles.
=600  00$aMichelangelo Buonarroti,$d1475-1564$vMusical settings.
=600  00$aMichelangelo Buonarroti,$d1475-1564.
=650  \0$aMusic$vManuscripts$vFacsimiles.
=852  41$aBritish Library$bMUSIC$jDigital store
=CAT  \\$a12664$b40$c20111124$lBLL01$h1109
=CAT  \\$a12274$b40$c20130614$lBLL01$h1224
=CAT  \\$a12274$b40$c20140612$lBLL01$h1621
=CAT  \\$aW1711-1225$c20171203$lBLL01$h1046
=FIN  \\$aY$d20130614
=FMT  \\$a  MU
=LAS  \\$aW1711-1225$b00$c20171203$lBLL01$h1046
=STA  \\$aSUPPRESSED$bunable to determine reason for suppression

