=LDR  01734 cm a2200481 i 4500
=001  015975829
=003  Uk
=005  20140612162056.0
=006  m\\\\\\\\u\\||||||
=007  cr\|||||||||||
=008  111124s2011\\\\enksga\|o||||||n\\|\fre\\
=040  \\$aUk$beng$cUk$erda
=042  \\$aukblsr
=082  04$a783.342$223
=100  1\$aSorabji, Kaikhosru Shapurji,$d1892-1988,$ecomposer.
=245  12$aL'irrémédiable /$cKaikhosru Sorabji ; [text by] Baudelaire.
=264  \1$a[Bath, England] :$b[Sorabji Music Archive],$c[2011]
=300  \\$a1 online resource (1 score (8 pages)) :$bPDF
=336  \\$anotated music$2rdacontent
=337  \\$acomputer$2rdamedia
=338  \\$aonline resource$2rdacarrier
=500  \\$aFor high voice and piano.
=500  \\$aDedicated to Madame Blanche Marchesi.
=500  \\$aReproduced from holograph.
=500  \\$aHolograph dated 1927.
=546  \\$aFrench words.
=546  \\$bStaff notation.
=600  10$aSorabji, Kaikhosru Shapurji,$d1892-1988$vManuscripts$vFacsimiles.
=600  10$aBaudelaire, Charles,$d1821-1867$vMusical settings.
=650  \0$aSongs (High voice) with piano.
=650  \0$aSongs, French.
=650  \0$aMusic$vManuscripts$vFacsimiles.
=700  1\$aBaudelaire, Charles,$d1821-1867.
=700  1\$aMarchesi, Blanche,$d1863-1940,$ededicatee.
=852  41$aBritish Library$bMUSIC$jDigital store
=CAT  \\$a12664$b40$c20111124$lBLL01$h1120
=CAT  \\$a12274$b40$c20130620$lBLL01$h1513
=CAT  \\$a12274$b40$c20140612$lBLL01$h1620
=CAT  \\$aW1711-1225$c20171203$lBLL01$h1046
=FIN  \\$aY$d20130620
=FMT  \\$a  MU
=LAS  \\$aW1711-1225$b00$c20171203$lBLL01$h1046
=STA  \\$aSUPPRESSED$bunable to determine reason for suppression

