=LDR  01783 cm a2200469 i 4500
=001  015975840
=003  Uk
=005  20140612162049.0
=006  m\\\\\\\\u\\||||||
=007  cr\|||||||||||
=008  111124s2011\\\\enkzza\|o||||||n\\|\zxx\\
=040  \\$aUk$beng$cUk$erda
=042  \\$aukblsr
=082  04$a783.4$223
=100  1\$aSorabji, Kaikhosru Shapurji,$d1892-1988,$ecomposer.
=240  10$aMovement,$mvoice, piano
=245  10$aMouvement :$bfor voice and piano : MCMXXXI /$cKaikhosru Sorabji.
=264  \1$a[Bath, England] :$bSorabji Music Archive,$c[2011]
=300  \\$a1 online resource (1 score (9 pages)) :$bPDF
=336  \\$anotated music$2rdacontent
=337  \\$acomputer$2rdamedia
=338  \\$aonline resource$2rdacarrier
=500  \\$aFor baritone or mezzo-soprano voice and piano.
=500  \\$aWork composed 1931.
=500  \\$aWordless.
=500  \\$aReproduced from holograph.
=546  \\$bStaff notation.
=600  10$aSorabji, Kaikhosru Shapurji,$d1892-1988$vManuscripts$vFacsimiles.
=650  \0$aVocalises (Medium voice) with piano.
=650  \0$aMusic$vManuscripts$vFacsimiles.
=852  41$aBritish Library$bMUSIC$jDigital store
=985  \\$a240: 6.14.2.5...Record the accepted form of [the name of the type of composition] in a language preferred by the agency creating the data.
=CAT  \\$a12664$b40$c20111124$lBLL01$h1128
=CAT  \\$a12274$b40$c20130708$lBLL01$h1641
=CAT  \\$a12274$b40$c20130708$lBLL01$h1646
=CAT  \\$a12274$b40$c20130709$lBLL01$h1657
=CAT  \\$a12274$b40$c20140612$lBLL01$h1620
=CAT  \\$aW1711-1225$c20171203$lBLL01$h1046
=FIN  \\$aY$d20130708
=FMT  \\$a  MU
=LAS  \\$aW1711-1225$b00$c20171203$lBLL01$h1046
=STA  \\$aSUPPRESSED$bunable to determine reason for suppression

