=LDR  01891 cm a2200505 i 4500
=001  015975860
=003  Uk
=005  20140612162041.0
=006  m\\\\\\\\u\\||||||
=007  cr\|||||||||||
=008  111124s2011\\\\enksgl\|o||||||n\\|\fre\\
=040  \\$aUk$beng$cUk$erda
=042  \\$aukblsr
=082  04$a783.8842$223
=100  1\$aSorabji, Kaikhosru Shapurji,$d1892-1988,$ecomposer.
=240  10$aPoèmes du Gulistān de Saʿdī
=245  10$aTrois poèmes du "Gulistan" de Saâdi :$btraduction française de Franz Toussaint : pour chant (baryton) et piano : MCMXXVI /$cKaikhosru Sorabji.
=264  \1$a[Bath, England] :$b[Sorabji Music Archive],$c[2011]
=300  \\$a1 online resource (1 score (16 pages)) :$bPDF
=336  \\$anotated music$2rdacontent
=337  \\$acomputer$2rdamedia
=338  \\$aonline resource$2rdacarrier
=500  \\$aFor voice (Bar.) and piano.
=500  \\$aReproduced from holograph.
=505  0\$aLa lampe -- La jalousie --La fidelité.
=546  \\$bStaff notation.
=546  \\$aFrench words.
=600  10$aSorabji, Kaikhosru Shapurji,$d1892-1988$vManuscripts$vFacsimiles.
=600  00$aSaʿdī$vMusical settings.
=650  \0$aSongs (Medium voice) with piano.
=650  \0$aSongs, French.
=650  \0$aMusic$vManuscripts$vFacsimiles.
=700  1\$aToussaint, Franz,$d1879-1955,$etranslator.
=700  0\$aSaʿdī.
=852  41$aBritish Library$bMUSIC$jDigital store
=CAT  \\$a12664$b40$c20111124$lBLL01$h1142
=CAT  \\$a12274$b40$c20130821$lBLL01$h1256
=CAT  \\$a12274$b40$c20130821$lBLL01$h1257
=CAT  \\$a12274$b40$c20130821$lBLL01$h1306
=CAT  \\$a12274$b40$c20140612$lBLL01$h1620
=CAT  \\$aW1711-1225$c20171203$lBLL01$h1046
=FIN  \\$aY$d20130821
=FMT  \\$a  MU
=LAS  \\$aW1711-1225$b00$c20171203$lBLL01$h1046
=STA  \\$aSUPPRESSED$bunable to determine reason for suppression

