=LDR  01632 cm a2200445 i 4500
=001  015975939
=003  Uk
=005  20140612160721.0
=006  m\\\\\\\\u\\||||||
=007  cr\|||||||||||
=008  111124s2011\\\\enkzzze|o||||||n\\|\zxx\\
=040  \\$aUk$beng$cUk$erda
=042  \\$aukblsr
=082  04$a784.262$223
=100  1\$aSorabji, Kaikhosru Shapurji,$d1892-1988,$ecomposer.
=245  10$aOpus clavisymphonicum :$bfor large orchestra and piano solo : MCMLVII /$cKaikhosru Shapurji Sorabji.
=264  \1$a[Bath, England] :$b[Sorabji Music Archive],$c[2011]
=300  \\$a1 online resource (1 part (103 pages)) :$bPDF
=336  \\$anotated music$2rdacontent
=337  \\$acomputer$2rdamedia
=338  \\$aonline resource$2rdacarrier
=500  \\$aPiano solo part.
=500  \\$aReproduced from holograph.
=546  \\$bStaff notation.
=600  10$aSorabji, Kaikhosru Shapurji,$d1892-1988$vManuscripts$vFacsimiles.
=650  \0$aPiano with orchestra$vParts (solo)
=650  \0$aConcertos (Piano)$vParts (solo)
=650  \0$aMusic$vManuscripts$vFacsimiles.
=852  41$aBritish Library$bMUSIC$jDigital store
=CAT  \\$a12664$b40$c20111124$lBLL01$h1320
=CAT  \\$a12274$b40$c20130709$lBLL01$h1545
=CAT  \\$a12274$b40$c20130709$lBLL01$h1548
=CAT  \\$a12274$b40$c20130709$lBLL01$h1559
=CAT  \\$a12274$b40$c20130709$lBLL01$h1658
=CAT  \\$a12274$b40$c20140612$lBLL01$h1607
=CAT  \\$aW1711-1225$c20171203$lBLL01$h1046
=FIN  \\$aY$d20130709
=FMT  \\$a  MU
=LAS  \\$aW1711-1225$b00$c20171203$lBLL01$h1046
=STA  \\$aSUPPRESSED$bunable to determine reason for suppression

