=LDR  01837 cm a2200481 i 4500
=001  015975945
=003  Uk
=005  20130619113925.0
=006  m\\\\\\\\u\\||||||
=007  cr\|||||||||||
=008  111104s2011\\\\enksga\|o||||||n\\|\eng\\
=040  \\$aUk$beng$cUk$erda
=042  \\$aukblsr
=082  04$a783.6642$223
=100  1\$aSorabji, Kaikhosru Shapurji,$d1892-1988,$ecomposer.
=240  10$aI was not sorrowful
=245  10$aPoem for voice (dramatic soprano or tenor) and piano :$bI was not sorrowful /$cKaikhosru Shapurji Sorabji ; [words by] Ernest Dowson.
=264  \1$a[Bath, England] :$b[Sorabji Archive],$c[2011]
=300  \\$a1 online resouce (1 score (3 pages)) :$bPDF
=336  \\$anotated music$2rdacontent
=337  \\$acomputer$2rdamedia
=338  \\$aonline resource$2rdacarrier
=500  \\$aWork composed between 1917 and 1919.
=500  \\$aBased on the poem 'Spleen' by Ernest Dowson.
=500  \\$aReproduced from holograph.
=500  \\$aTitle from PDF caption title.
=500  \\$aPDF viewed on 19 June 2013.
=546  \\$bStaff notation.
=600  10$aDowson, Ernest Christopher,$d1867-1900$vMusical settings.
=600  10$aSorabji, Kaikhosru Shapurji,$d1892-1988$vManuscripts$vFacsimiles.
=650  \0$aSongs (High voice) with piano.
=650  \0$aSongs, English.
=650  \0$aMusic$vManuscripts$vFacsimiles.
=700  1\$aDowson, Ernest Christopher,$d1867-1900.$tSpleen.
=852  41$aBritish Library$bMUSIC$jDigital store
=CAT  \\$a12664$b40$c20111124$lBLL01$h1330
=CAT  \\$a12664$b40$c20111124$lBLL01$h1437
=CAT  \\$a12274$b40$c20130619$lBLL01$h1139
=CAT  \\$aW1711-1225$c20171203$lBLL01$h1046
=FIN  \\$aY$d20130619
=FMT  \\$a  MU
=LAS  \\$aW1711-1225$b00$c20171203$lBLL01$h1046
=STA  \\$aSUPPRESSED$bunable to determine reason for suppression

