=LDR  01942 cm a2200529 i 4500
=001  015975954
=003  Uk
=005  20130821122244.0
=006  m\\\\\\\\u\\||||||
=007  cr\|||||||||||
=008  111124s2011\\\\enksga\|o||||||n\\|\fre\\
=040  \\$aUk$beng$cUk$erda
=042  \\$aukblsr
=082  04$a783.242$223
=100  1\$aSorabji, Kaikhosru Shapurji,$d1892-1988,$ecomposer.
=245  10$aL'étang :$bop. IX /$cKaikhusru Sorabji ; poésie de Maurice Rollinat.
=264  \1$a[Bath, England] :$b[Sorabji Music Archive],$c[2011]
=300  \\$a1 online resource (1 score (2 pages)) :$bPDF
=336  \\$anotated music$2rdacontent
=337  \\$acomputer$2rdamedia
=338  \\$aonline resource$2rdacarrier
=500  \\$aFor voice and piano.
=500  \\$aWork composed 1917.
=500  \\$aText also presented separately in an English translation by Charles Hopkins.
=500  \\$aReproduced from holograph.
=500  \\$aTitle from PDF caption title.
=500  \\$aPDF viewed on 19 June 2013.
=546  \\$aFrench words.
=546  \\$bStaff notation.
=600  10$aRollinat, Maurice,$d1846-1903$vMusical settings.
=600  10$aSorabji, Kaikhosru Shapurji,$d1892-1988$vManuscripts$vFacsimiles.
=650  \0$aSongs with piano.
=650  \0$aSongs, French.
=650  \0$aMusic$vManuscripts$vFacsimiles.
=700  1\$aRollinat, Maurice,$d1846-1903.
=700  1\$aHopkins, Charles,$c-2007,$etranslator.
=852  41$aBritish Library$bMUSIC$jDigital store
=CAT  \\$a12664$b40$c20111124$lBLL01$h1339
=CAT  \\$a12664$b40$c20111124$lBLL01$h1436
=CAT  \\$a12274$b40$c20130619$lBLL01$h1804
=CAT  \\$a12274$b40$c20130620$lBLL01$h1307
=CAT  \\$a12274$b40$c20130821$lBLL01$h1222
=CAT  \\$aW1711-1225$c20171203$lBLL01$h1046
=FIN  \\$aY$d20130619
=FMT  \\$a  MU
=LAS  \\$aW1711-1225$b00$c20171203$lBLL01$h1046
=STA  \\$aSUPPRESSED$bunable to determine reason for suppression

