=LDR  01881 cm a2200517 i 4500
=001  015975969
=003  Uk
=005  20130619110206.0
=006  m\\\\\\\\u\\||||||
=007  cr\|||||||||||
=008  111124s2011\\\\enksga\|o||||||n\\|\fre\\
=040  \\$aUk$beng$cUk$erda
=041  \\$afre$eeng$nfre
=042  \\$aukblsr
=082  04$a783.6642$223
=100  1\$aSorabji, Kaikhosru Shapurji,$d1892-1988,$ecomposer.
=245  10$aHymne à Aphrodité :$bopus IV, no. 2 /$cK. Sorabji ; [words by] Laurent Tailhade.
=264  \1$a[Bath, England] :$b[Sorabji Music Archive],$c[2011]
=300  \\$a1 online resource (1 score (7 pages)) :$bPDF
=336  \\$anotated music$2rdacontent
=337  \\$acomputer$2rdamedia
=338  \\$aonline resource$2rdacarrier
=500  \\$aFor soprano and piano.
=500  \\$aWork composed 1916.
=500  \\$aReproduced from holograph.
=500  \\$aIncludes English translation of the text, presented separately.
=500  \\$aTitle from PDF caption title.
=500  \\$aPDF viewed on 19 June 2013.
=546  \\$aFrench words.
=546  \\$bStaff notation.
=600  10$aTailhade, Laurent,$d1854-1919$vMusical settings.
=600  10$aSorabji, Kaikhosru Shapurji,$d1892-1988$vManuscripts$vFacsimiles.
=650  \0$aSongs (High voice) with piano.
=650  \0$aSongs, French.
=650  \0$aMusic$vManuscripts$vFacsimiles.
=700  1\$aTailhade, Laurent,$d1854-1919.
=852  41$aBritish Library$bMUSIC$jDigital store
=CAT  \\$a12664$b40$c20111124$lBLL01$h1348
=CAT  \\$a12664$b40$c20111124$lBLL01$h1436
=CAT  \\$a12274$b40$c20130619$lBLL01$h1058
=CAT  \\$a12274$b40$c20130619$lBLL01$h1102
=CAT  \\$aW1711-1225$c20171203$lBLL01$h1046
=FIN  \\$aY$d20130619
=FMT  \\$a  MU
=LAS  \\$aW1711-1225$b00$c20171203$lBLL01$h1046
=STA  \\$aSUPPRESSED$bunable to determine reason for suppression

