=LDR  01435 cm a2200397 i 4500
=001  015975992
=003  Uk
=005  20130829152725.0
=006  m\\\\\\\\u\\||||||
=007  cr\|||||||||||
=008  111124s2011\\\\enksgl\|o||||||n\\|\zxx\\
=040  \\$aUk$beng$cUk$erda
=042  \\$aukblsr
=082  04$a783.664$223
=100  1\$aSorabji, Kaikhosru Shapurji,$d1892-1988,$ecomposer.
=245  10$aVocalise pour soprano fioriturata :$b(sopran. lyrique): opus II,3 /$c[Kaikhusru Sorabji]
=264  \1$a[Bath, England] :$b[Sorabji Music Archive],$c[2011]
=300  \\$a1 online resource (1 score (4 pages)) :$bPDF
=336  \\$anotated music$2rdacontent
=337  \\$acomputer$2rdamedia
=338  \\$aonline resource$2rdacarrier
=500  \\$aReproduced from holograph.
=500  \\$aTitle from PDF caption title.
=500  \\$aPDF viewed on 29 August 2013.
=546  \\$bStaff notation.
=600  10$aSorabji, Kaikhosru Shapurji,$d1892-1988$vManuscripts$vFacsimiles.
=650  \0$aVocalises (High voice) with piano.
=852  41$aBritish Library$bMUSIC$jDigital store
=CAT  \\$a12664$b40$c20111124$lBLL01$h1359
=CAT  \\$a12664$b40$c20111124$lBLL01$h1436
=CAT  \\$a12274$b40$c20130829$lBLL01$h1527
=CAT  \\$aW1711-1225$c20171203$lBLL01$h1046
=FIN  \\$aY$d20130829
=FMT  \\$a  MU
=LAS  \\$aW1711-1225$b00$c20171203$lBLL01$h1046
=STA  \\$aSUPPRESSED$bunable to determine reason for suppression

