=LDR  02307 cm a2200613 i 4500
=001  015976026
=003  Uk
=005  20130614103621.0
=006  m\\\\\\\\u\\||||||
=007  cr\|||||||||||
=008  111124s2011\\\\enksga\\o\\\\\\n\\\\fre\\
=040  \\$aUk$beng$cUk$erda
=042  \\$aukblsr
=082  04$a783.6642$223
=100  1\$aSorabji, Kaikhosru Shapurji,$d1892-1988,$ecomposer.
=245  10$aChrysilla :$bopus I : poésie de Henri de Régnier /$cK. Sorabji.
=264  \1$a[Bath, England] :$b[The Sorabji Archive],$c[2011]
=300  \\$a1 online resource (1 score (4 pages)) :$bPDF
=336  \\$anotated music$2rdacontent
=337  \\$acomputer$2rdamedia
=338  \\$aonline resource$2rdacarrier
=500  \\$aWords by Henri de Régnier.
=500  \\$aReproduced from holograph.
=500  \\$aPDF caption title.
=500  \\$aPDF viewed on 22 April 2013.
=500  \\$aWork composed in 1915.
=500  \\$aWords also presented separately in English translation by Charles Hopkins.
=538  \\$aSystem requirements: Adobe Acrobat Reader.
=546  \\$aFrench words.
=546  \\$bStaff notation.
=600  10$aRégnier, Henri de,$d1864-1936$vMusical settings.
=600  10$aSorabji, Kaikhosru Shapurji,$d1892-1988$vManuscripts$vFacsimiles.
=650  \0$aSongs (High voice) with piano.
=650  \0$aSongs, French.
=650  \0$aMusic$vManuscripts$vFacsimiles.
=700  1\$aRégnier, Henri de,$d1864-1936.
=700  1\$aHopkins, Charles,$c-2007,$etranslator.
=852  41$aBritish Library$bMUSIC$jDigital store
=CAT  \\$a12664$b40$c20111124$lBLL01$h1418
=CAT  \\$a12664$b40$c20111124$lBLL01$h1419
=CAT  \\$a12664$b40$c20111124$lBLL01$h1421
=CAT  \\$a12664$b40$c20111124$lBLL01$h1436
=CAT  \\$a12274$b40$c20130422$lBLL01$h1254
=CAT  \\$a12274$b40$c20130422$lBLL01$h1301
=CAT  \\$a12274$b40$c20130422$lBLL01$h1309
=CAT  \\$a12274$b40$c20130422$lBLL01$h1440
=CAT  \\$a12274$b40$c20130425$lBLL01$h1121
=CAT  \\$a12274$b40$c20130614$lBLL01$h1036
=CAT  \\$aBATCH-UPD$b40$c20131107$lBLL01$h2157
=CAT  \\$aW1711-1225$c20171203$lBLL01$h1046
=FIN  \\$aY$d20130422
=FMT  \\$a  MU
=LAS  \\$aW1711-1225$b00$c20171203$lBLL01$h1046
=STA  \\$aSUPPRESSED$bunable to determine reason for suppression

