=LDR  01464 cm a2200409 i 4500
=001  015976088
=003  Uk
=005  20140612160029.0
=006  m\\\\\\\\u\\||||||
=007  cr\|||||||||||
=008  111216s2011\\\\enkzzz\|o||||||n\\|\zxx\\
=040  \\$aUk$beng$cUk$erda
=042  \\$aukblsr
=082  04$a786.2$223
=100  1\$aSorabji, Kaikhosru Shapurji,$d1892-1988,$ecomposer.
=245  13$aLe jardin parfumé :$bpoem for piano solo /$cKaikhusru Sorabji.
=264  \1$a[Bath, England] :$b[Sorabji Music Archive],$c[2011]
=300  \\$a1 online resource (1 score (16 pages)) :$bPDF
=336  \\$anotated music$2rdacontent
=337  \\$acomputer$2rdamedia
=338  \\$aonline resource$2rdacarrier
=500  \\$aDedicated to Christopher à Becket Williams.
=500  \\$aReproduced from holograph.
=546  \\$bStaff notation.
=600  10$aSorabji, Kaikhosru Shapurji,$d1892-1988$vManuscripts$vFacsimiles.
=650  \0$aPiano music.
=650  \0$aMusic$vManuscripts$vFacsimiles.
=700  1\$aWilliams, Becket,$d1890-1956,$ededicatee.
=852  41$aBritish Library$bMUSIC$jDigital store
=CAT  \\$a12664$b40$c20111124$lBLL01$h1435
=CAT  \\$a12274$b40$c20130620$lBLL01$h1610
=CAT  \\$a12274$b40$c20140612$lBLL01$h1600
=CAT  \\$aW1711-1225$c20171203$lBLL01$h1046
=FIN  \\$aY$d20130620
=FMT  \\$a  MU
=LAS  \\$aW1711-1225$b00$c20171203$lBLL01$h1046
=STA  \\$aSUPPRESSED$bunable to determine reason for suppression

