=LDR  02019 cm a2200529 i 4500
=001  015976113
=003  Uk
=005  20140529140818.0
=006  m\\\\\\\\u\\||||||
=007  cr\|||||||||||
=008  111124s2011\\\\enksgl\|o||||||n\\|\fre\\
=028  22$aK.S.10$bSorabji Music Archive
=040  \\$aUk$beng$cUk$erda
=041  0\$afre$eeng
=042  \\$aukblsr
=082  04$a783.242$223
=100  1\$aSorabji, Kaikhosru Shapurji,$d1892-1988,$ecomposer.
=240  10$aFêtes galantes
=245  10$aTrois fêtes galantes de Verlaine :$b(chant et piano) : /$cKaikhosru Sorabji.
=264  \1$a[Bath, England] :$b[Sorabji Music Archive],$c[2011]
=300  \\$a1 online resource (1 score (12 pages))
=336  \\$anotated music$2rdacontent
=337  \\$acomputer$2rdamedia
=338  \\$aonline resource$2rdacarrier
=347  \\$aPDF$brda
=500  \\$aFor voice and piano.
=500  \\$aIncludes English translations of the text by Charles Hopkins.
=505  0\$aL'allée -- À la promenade -- Dans la grotte.
=534  \\$pElectronic reproduction of (manifestation):$aSorabji, Kaikhosru Shapurji, 1892-1988.$tTrois fêtes galantes de Verlaine.$cLondon : J. Curwen and Sons Ltd., [1924].$nCurwen Edition 902005.
=546  \\$bStaff notation.
=546  \\$aFrench words.
=600  10$aVerlaine, Paul,$d1844-1896$vMusical settings.
=650  \0$aSongs with piano.
=650  \0$aSongs, French.
=700  1\$aVerlaine, Paul,$d1844-1896.
=700  1\$aHopkins, Charles,$c-2007,$etranslator.
=852  41$aBritish Library$bMUSIC$jDigital store
=CAT  \\$a12664$b40$c20111124$lBLL01$h1448
=CAT  \\$a12274$b40$c20130821$lBLL01$h1155
=CAT  \\$a12274$b40$c20130821$lBLL01$h1220
=CAT  \\$a12274$b40$c20130821$lBLL01$h1221
=CAT  \\$a12274$b40$c20140529$lBLL01$h1408
=CAT  \\$aW1711-1225$c20171203$lBLL01$h1046
=FIN  \\$aY$d20130821
=FMT  \\$a  MU
=LAS  \\$aW1711-1225$b00$c20171203$lBLL01$h1046
=STA  \\$aSUPPRESSED$bunable to determine reason for suppression

