=LDR  02328 cm a2200577 i 4500
=001  015976127
=003  Uk
=005  20151221125712.0
=006  m\\\\\\\\u\\||||||
=007  cr\|||||||||||
=008  111124s2009\\\\enksgl\|o||||||n\\|\fre\\
=040  \\$aUk$beng$cUk$erda
=041  0\$afre$eeng
=042  \\$aukblsr
=082  04$a783.6642$223
=100  1\$aSorabji, Kaikhosru Shapurji,$d1892-1988,$ecomposer.
=240  10$aPoèmes$n(1941)
=245  10$aTrois poèmes :$bfor soprano and piano (1941) /$cKaikhusru Shapurji Sorabji.
=250  \\$aCritical edition /$bby Marc-André Roberge.
=264  \1$aBath, England :$bSorabji Music Archive,$c2009
=300  \\$a1 online resource (1 score (12 pages)) :$bPDF
=336  \\$anotated music$2rdacontent
=337  \\$acomputer$2rdamedia
=338  \\$aonline resource$2rdacarrier
=500  \\$aFor voice (S) and piano.
=500  \\$aIncludes introduction and critical report in English.
=500  \\$aIntroduction includes English translations of the texts by Charles Hopkins.
=500  \\$a"This edition ... is made available on demand by the Sorabji Archive as a bound photocopy".
=505  0\$aLe faune / [words by] Paul Verlaine -- Les chats / [words by Charles Baudelaire] -- La dernière fête galante [words by] Paul Verlaine.
=546  \\$aFrench words.
=546  \\$bStaff notation.
=600  10$aVerlaine, Paul,$d1844-1896$vMusical settings.
=600  10$aBaudelaire, Charles,$d1821-1867$vMusical settings.
=650  \0$aSongs (High voice) with piano.
=650  \0$aSongs, French.
=700  1\$aVerlaine, Paul,$d1844-1896.
=700  1\$aBaudelaire, Charles,$d1821-1867.
=700  1\$aHopkins, Charles,$c-2007,$etranslator.
=700  1\$aRoberge, Marc-André,$d1955-$eeditor.
=852  41$aBritish Library$bMUSIC$jDigital store
=CAT  \\$a12664$b40$c20111124$lBLL01$h1502
=CAT  \\$a12274$b40$c20130821$lBLL01$h1519
=CAT  \\$a12274$b40$c20130821$lBLL01$h1551
=CAT  \\$aBATCH-UPD$b40$c20140322$lBLL01$h1839
=CAT  \\$a12274$b40$c20140612$lBLL01$h1629
=CAT  \\$a11814$b40$c20151221$lBLL01$h1257
=CAT  \\$aW1711-1225$c20171203$lBLL01$h1046
=FIN  \\$aY$d20130821
=FMT  \\$a  MU
=LAS  \\$aW1711-1225$b00$c20171203$lBLL01$h1046
=STA  \\$aSUPPRESSED$bunable to determine reason for suppression

