=LDR  02251 cm a2200589 i 4500
=001  015976157
=003  Uk
=005  20140612160703.0
=006  m\\\\\\\\u\\||||||
=007  cr\|||||||||||
=008  111124s2011\\\\enksgl\|o||||||n\\|\fre\\
=040  \\$aUk$beng$cUk$erda
=041  0\$afre$eeng
=042  \\$aukblsr
=082  04$a783.242$223
=100  1\$aSorabji, Kaikhosru Shapurji,$d1892-1988,$ecomposer.
=240  10$aPoèmes$n(1941)
=245  10$aThree songs for voice and piano :$b(1941) /$cmusic by Kaikhosru Shapurji Sorabji ; [words by] Paul Verlaine [and] Charles Baudelaire ; edited and copied by Alistair Hinton.
=264  \1$a[Bath, England] :$b[Sorabji Music Archive],$c[2011]
=300  \\$a1 online resource (1 score (4, 7, 7 pages)) :$bPDF
=336  \\$anotated music$2rdacontent
=337  \\$acomputer$2rdamedia
=338  \\$aonline resource$2rdacarrier
=500  \\$aFor voice and piano.
=500  \\$aDate of edition 1979.
=500  \\$aDate of translation 2002.
=500  \\$aIncludes English translation by Charles Hopkins, presented separately.
=500  \\$aReproduced from editor's manuscript.
=505  0\$aLe faune -- Les chats -- La derniere fête galante.
=546  \\$aFrench words.
=546  \\$bStaff notation.
=600  10$aVerlaine, Paul,$d1844-1896$vMusical settings.
=600  10$aBaudelaire, Charles,$d1821-1867$vMusical settings.
=650  \0$aSongs with piano.
=650  \0$aSongs, French.
=650  \0$aMusic$vManuscripts$vFacsimiles.
=700  1\$aHinton, Alistair,$eeditor.
=700  1\$aVerlaine, Paul,$d1844-1896.
=700  1\$aBaudelaire, Charles,$d1821-1867.
=700  1\$aHopkins, Charles,$c-2007,$etranslator.
=852  41$aBritish Library$bMUSIC$jDigital store
=CAT  \\$a12664$b40$c20111124$lBLL01$h1544
=CAT  \\$a12664$b40$c20111124$lBLL01$h1606
=CAT  \\$a12274$b40$c20130820$lBLL01$h1659
=CAT  \\$a12274$b40$c20130820$lBLL01$h1701
=CAT  \\$a12274$b40$c20130821$lBLL01$h1221
=CAT  \\$a12274$b40$c20140612$lBLL01$h1607
=CAT  \\$aW1711-1225$c20171203$lBLL01$h1046
=FIN  \\$aY$d20130820
=FMT  \\$a  MU
=LAS  \\$aW1711-1225$b00$c20171203$lBLL01$h1046
=STA  \\$aSUPPRESSED$bunable to determine reason for suppression

