=LDR  02106 cm a2200553 i 4500
=001  015976185
=003  Uk
=005  20130930105500.0
=006  m\\\\\\\\u\\||||||
=007  cr\|||||||||||
=008  111124s2011\\\\enksgl\|o||||||n\\|\fre\\
=040  \\$aUk$beng$cUk$erda
=041  0\$afre$eeng
=042  \\$aukblsr
=082  04$a783.8842$223
=100  1\$aSorabji, Kaikhosru Shapurji,$d1892-1988,$ecomposer.
=240  10$aPoèmes du Gulistān de Saʿdī
=245  10$aTrois poèmes du Gulistan de Sa'di :$bfor voice and piano /$cKaikhosru Shapurji Sorabji ; traduction de Franz Toussaint ; edition by David Wolfson.
=264  \1$a[Bath, England] :$b[Sorabji Music Archive],$c[2011]
=300  \\$a1 online resource (1 score (9, 7, 9 pages)) :$bPDF
=336  \\$anotated music$2rdacontent
=337  \\$acomputer$2rdamedia
=338  \\$aonline resource$2rdacarrier
=500  \\$aFor voice (Bar.) and piano.
=500  \\$aDate of edition 1995?
=500  \\$aIncludes English translation of the texts by Charles Hopkins, presented separately.
=505  0\$aLa lampe -- La Fidelité -- La jalousie.
=546  \\$bStaff notation.
=546  \\$aFrench words.
=600  00$aSaʿdī$vMusical settings.
=650  \0$aSongs (medium voice) with piano.
=650  \0$aSongs, French.
=700  0\$aSaʿdī.
=700  1\$aWolfson, David$c(Arranger),$eeditor.
=700  1\$aToussaint, Franz,$d1879-1955,$etranslator.
=700  1\$aHopkins, Charles,$c-2007,$etranslator.
=852  41$aBritish Library$bMUSIC$jDigital store
=985  \\$ahttp://www.davidwolfsonmusic.net/index.html
=CAT  \\$a12664$b40$c20111124$lBLL01$h1603
=CAT  \\$a12274$b40$c20130821$lBLL01$h1444
=CAT  \\$a12274$b40$c20130821$lBLL01$h1445
=CAT  \\$a8962$b40$c20130930$lBLL01$h1052
=CAT  \\$a8962$b40$c20130930$lBLL01$h1055
=CAT  \\$aBATCH-UPD$b40$c20150409$lBLL01$h2323
=CAT  \\$aW1711-1225$c20171203$lBLL01$h1046
=FIN  \\$aY$d20130821
=FMT  \\$a  MU
=LAS  \\$aW1711-1225$b00$c20171203$lBLL01$h1046
=STA  \\$aSUPPRESSED$bunable to determine reason for suppression

