=LDR  01868 cm a2200505 i 4500
=001  015976195
=003  Uk
=005  20130619101745.0
=006  m\\\\\\\\u\\||||||
=007  cr\|||||||||||
=008  111013t20111989enksga\|o||||||n\\|\eng\\
=040  \\$aUk$beng$cUk$erda
=042  \\$aukblsr
=082  04$a783.8842$223
=100  1\$aSorabji, Kaikhosru Shapurji,$d1892-1988,$ecomposer.
=245  10$aFrammento cantato :$bper l'amico St. M /$cK.S.S ; [words by Harold Morland].
=264  \1$a[Bath, England] :$b[Sorabji Music Archive],$c[2011]
=264  \4$c©1989
=300  \\$a1 online resource (1 score (1 unnumbered leaf)) :$bPDF
=336  \\$anotated music$2rdacontent
=337  \\$acomputer$2rdamedia
=338  \\$aonline resource$2rdacarrier
=500  \\$aFor baritone voice and piano.
=500  \\$aWork composed 1967.
=500  \\$aEdited by Alistair Hinton.
=500  \\$a"This copy is taken from a photocopy of a photograph of the composer's original ms."--Editor's note.
=500  \\$aTitle from PDF caption title.
=500  \\$aPDF viewed on 19 June 2013.
=538  \\$aSystem requirements: Adobe Acrobat Reader.
=546  \\$aEnglish words.
=546  \\$bStaff notation.
=600  10$aMorland, Harold$vMusical settings.
=600  10$aSorabji, Kaikhosru Shapurji,$d1892-1988$vManuscripts$vFacsimiles.
=650  \0$aSongs (Medium voice) with piano.
=650  \0$aMusic$vManuscripts$vFacsimiles.
=700  1\$aHinton, Alistair,$eeditor.
=700  1\$aMorland, Harold.
=852  41$aBritish Library$bMUSIC$jDigital store
=CAT  \\$a12664$b40$c20111124$lBLL01$h1615
=CAT  \\$a12274$b40$c20130619$lBLL01$h1017
=CAT  \\$aW1711-1225$c20171203$lBLL01$h1046
=FIN  \\$aY$d20130619
=FMT  \\$a  MU
=LAS  \\$aW1711-1225$b00$c20171203$lBLL01$h1046
=STA  \\$aSUPPRESSED$bunable to determine reason for suppression

