=LDR  01568 cm a2200445 i 4500
=001  015976199
=003  Uk
=005  20140612160644.0
=006  m\\\\\\\\u\\||||||
=007  cr\|||||||||||
=008  111124s2011\\\\enkncz\|o||||||n\\|\zxx\\
=040  \\$aUk$beng$cUk$erda
=042  \\$aukblsr
=082  04$a786.2$223
=100  1\$aSorabji, Kaikhosru Shapurji,$d1892-1988,$ecomposer.
=240  10$aGulistān
=245  10$aGulistan :$b(The rose garden : Saadi) : for piano solo (1940) /$cKaikhosru Sorabji.
=250  \\$aEdition by Marc-André Hamelin, 1993.
=264  \1$a[Bath, England] :$b[Sorabji Music Archive],$c[2011]
=300  \\$a1 online resource (1 score (55 pages)) :$bPDF
=336  \\$anotated music$2rdacontent
=337  \\$acomputer$2rdamedia
=338  \\$aonline resource$2rdacarrier
=500  \\$aDedicated to Harold Morland.
=500  \\$aReproduced from editor's manuscript.
=546  \\$bStaff notation.
=650  \0$aPiano music.
=700  1\$aHamelin, Marc-André,$d1961-$eeditor.
=700  1\$aMorland, Harold,$ededicatee.
=852  41$aBritish Library$bMUSIC$jDigital store
=CAT  \\$a12664$b40$c20111124$lBLL01$h1631
=CAT  \\$a12664$b40$c20111124$lBLL01$h1640
=CAT  \\$a12274$b40$c20130619$lBLL01$h1041
=CAT  \\$a12274$b40$c20130620$lBLL01$h1448
=CAT  \\$a12274$b40$c20140612$lBLL01$h1606
=CAT  \\$aW1711-1225$c20171203$lBLL01$h1046
=FIN  \\$aY$d20130619
=FMT  \\$a  MU
=LAS  \\$aW1711-1225$b00$c20171203$lBLL01$h1046
=STA  \\$aSUPPRESSED$bunable to determine reason for suppression

