=LDR  01749 cm a2200469 i 4500
=001  015976205
=003  Uk
=005  20140612160636.0
=006  m\\\\\\\\u\\||||||
=007  cr\|||||||||||
=008  111124s2011\\\\enkopa\|o||||||n\\|\eng\\
=040  \\$aUk$beng$cUk$erda
=042  \\$aukblsr
=082  04$a782.1$223
=100  1\$aSorabji, Kaikhosru Shapurji,$d1892-1988,$ecomposer.
=245  10$aMusic to The rider by night :$b(1919) /$cKaikhosru Sorabji ; text, Robert Nichols.
=264  \1$a[Bath, England] :$b[Sorabji Music Archive],$c[2011]
=300  \\$a1 online resource (1 score (54 pages)) :$bPDF
=336  \\$anotated music$2rdacontent
=337  \\$acomputer$2rdamedia
=338  \\$aonline resource$2rdacarrier
=500  \\$aFor speaking and singing voices and chamber orchestra.
=500  \\$a"Pp. 1-20 inc. & 41-54 (end) inc. only (remainder missing)".
=500  \\$aReproduced from holograph.
=546  \\$aEnglish words.
=546  \\$bStaff notation.
=600  10$aSorabji, Kaikhosru Shapurji,$d1892-1988$vManuscripts$vFacsimiles.
=650  \0$aDramatic music.
=650  \0$aMusic$vManuscripts$vFacsimiles.
=700  1\$aNichols, Robert,$d1893-1944,$elibrettist.
=852  41$aBritish Library$bMUSIC$jDigital store
=CAT  \\$a12664$b40$c20111124$lBLL01$h1648
=CAT  \\$a12274$b40$c20130709$lBLL01$h1415
=CAT  \\$a12274$b40$c20130709$lBLL01$h1421
=CAT  \\$a12274$b40$c20130709$lBLL01$h1430
=CAT  \\$a12274$b40$c20130709$lBLL01$h1657
=CAT  \\$a12274$b40$c20140612$lBLL01$h1606
=CAT  \\$aW1711-1225$c20171203$lBLL01$h1046
=FIN  \\$aY$d20130709
=FMT  \\$a  MU
=LAS  \\$aW1711-1225$b00$c20171203$lBLL01$h1046
=STA  \\$aSUPPRESSED$bunable to determine reason for suppression

