=LDR  02009 cm a2200553 i 4500
=001  015976210
=003  Uk
=005  20151001145138.0
=006  m\\\\\\\\u\\||||||
=007  cr\|||||||||||
=008  111124s2011\\\\enksgl\|o||||||n\\|\fre\\
=040  \\$aUk$beng$cUk$erda
=041  0\$afre$eeng
=042  \\$aukblsr
=082  04$a783.242$223
=100  1\$aSorabji, Kaikhosru Shapurji,$d1892-1988,$ecomposer.
=245  10$aRoses du soir /$cKaikhosru Shapurji Sorabji ; [words by] Pierre Louys ; [edited by Jonathan Powell].
=264  \1$a[Bath, England] :$b[Sorabji Music Archive],$c[2011]
=300  \\$a1 online resource (1 score (3 pages)) :$bPDF
=336  \\$anotated music$2rdacontent
=337  \\$acomputer$2rdamedia
=338  \\$aonline resource$2rdacarrier
=500  \\$aFor voice and piano.
=500  \\$aWork composed 1915.
=500  \\$aDate of edition 2002.
=500  \\$aIncludes English translation of the words, by Charles Hopkins, presented as text.
=500  \\$aTitle from PDF caption title.
=500  \\$aPDF viewed on 15 August 2013.
=546  \\$aFrench words.
=546  \\$bStaff notation.
=600  10$aLouÿs, Pierre,$d1870-1925$vMusical settings.
=650  \0$aSongs with piano.
=650  \0$aSongs, French.
=700  1\$aLouÿs, Pierre,$d1870-1925.
=700  1\$aPowell, Jonathan,$d1969-$eeditor.
=700  1\$aHopkins, Charles,$c-2007,$etranslator.
=852  41$aBritish Library$bMUSIC$jDigital store
=CAT  \\$a12664$b40$c20111124$lBLL01$h1710
=CAT  \\$a12664$b40$c20111124$lBLL01$h1713
=CAT  \\$a12274$b40$c20130815$lBLL01$h1432
=CAT  \\$a12274$b40$c20130815$lBLL01$h1433
=CAT  \\$a12274$b40$c20130815$lBLL01$h1435
=CAT  \\$a12274$b40$c20130821$lBLL01$h1221
=CAT  \\$a12640$b40$c20151001$lBLL01$h1451
=CAT  \\$aW1711-1225$c20171203$lBLL01$h1046
=FIN  \\$aY$d20130815
=FMT  \\$a  MU
=LAS  \\$aW1711-1225$b00$c20171203$lBLL01$h1046
=STA  \\$aSUPPRESSED$bunable to determine reason for suppression

