=LDR  01658 cm a2200469 i 4500
=001  015976307
=003  Uk
=005  20140612160621.0
=006  m\\\\\\\\u\\||||||
=007  cr\|||||||||||
=008  111103s2011\\\\enkzzz\|o||||||n\\|\zxx\\
=040  \\$aUk$beng$cUk$erda
=042  \\$aukblsr
=082  04$a786.2$223
=100  1\$aSorabji, Kaikhosru Shapurji,$d1892-1988,$ecomposer.
=245  10$aFantaisie espagnole :$bpiano 2 mains, 1919 /$cKaikhosru Sorabji.
=264  \1$a[Bath, England] :$b[Sorabji Music Archive],$c[2011]
=300  \\$a1 online resource (1 score (27 pages)) :$bPDF
=336  \\$anotated music$2rdacontent
=337  \\$acomputer$2rdamedia
=338  \\$aonline resource$2rdacarrier
=500  \\$aFor piano.
=500  \\$aWork composed 1919.
=500  \\$aDedicated to Norman Peterkin.
=500  \\$aReproduced from holograph.
=546  \\$bStaff notation.
=600  10$aSorabji, Kaikhosru Shapurji,$d1892-1988$vManuscripts$vFacsimiles.
=650  \0$aPiano music.
=650  \0$aMusic$vManuscripts$vFacsimiles.
=700  1\$aPeterkin, Norman,$d1886-1982,$ededicatee.
=852  41$aBritish Library$bMUSIC$jDigital store
=CAT  \\$a12664$b40$c20111125$lBLL01$h0956
=CAT  \\$a12664$b40$c20111125$lBLL01$h1101
=CAT  \\$a12664$b40$c20111125$lBLL01$h1111
=CAT  \\$a12274$b40$c20130618$lBLL01$h1237
=CAT  \\$a12274$b40$c20130618$lBLL01$h1239
=CAT  \\$a12274$b40$c20140612$lBLL01$h1606
=CAT  \\$aW1711-1225$c20171203$lBLL01$h1046
=FIN  \\$aY$d20130618
=FMT  \\$a  MU
=LAS  \\$aW1711-1225$b00$c20171203$lBLL01$h1046
=STA  \\$aSUPPRESSED$bunable to determine reason for suppression

