=LDR  01979 cm a2200541 i 4500
=001  015976342
=003  Uk
=005  20130821122301.0
=006  m\\\\\\\\u\\||||||
=007  cr\|||||||||||
=008  111104s2011\\\\enksga\|o||||||n\\|\fre\\
=040  \\$aUk$beng$cUk$erda
=041  0\$afre$efre$eeng$nfre
=042  \\$aukblsr
=082  04$a783.6642$223
=100  1\$aSorabji, Kaikhosru Shapurji,$d1892-1988,$ecomposer.
=245  13$aLe mauvais jardinier /$cKaikhosru Sorabji ; Iwan Gwilkin.
=246  3\$aEvil gardener
=264  \1$a[Bath] :$b[Sorabji Archive],$c[2011]
=300  \\$a1 online resource (1 score (1 page)) :$bPDF
=336  \\$anotated music$2rdacontent
=337  \\$acomputer$2rdamedia
=338  \\$aonline resource$2rdacarrier
=500  \\$aWords by Iwan Gilkin (misspelled in caption).
=500  \\$aText also presented separately in an English translation by Charles Hopkins.
=500  \\$aTitle of translated poem: The evil gardener.
=500  \\$aReproduced from holograph.
=500  \\$aTitle from PDF caption title.
=500  \\$aPDF viewed on 20 June 2013.
=546  \\$aFrench words.
=546  \\$bStaff notation.
=600  10$aGilkin, Iwan,$d1858-1924$vMusical settings.
=600  10$aSorabji, Kaikhosru Shapurji,$d1892-1988$vManuscripts$vFacsimiles.
=650  \0$aSongs (High voice) with piano.
=650  \0$aSongs, French.
=650  \0$aMusic$vManuscripts$vFacsimiles.
=700  1\$aGilkin, Iwan,$d1858-1924.
=700  1\$aHopkins, Charles,$c-2007,$etranslator.
=852  41$aBritish Library$bMUSIC$jDigital store
=CAT  \\$a12664$b40$c20111125$lBLL01$h1119
=CAT  \\$a12664$b40$c20111125$lBLL01$h1130
=CAT  \\$a12274$b40$c20130620$lBLL01$h1636
=CAT  \\$a12274$b40$c20130821$lBLL01$h1223
=CAT  \\$aW1711-1225$c20171203$lBLL01$h1046
=FIN  \\$aY$d20130620
=FMT  \\$a  MU
=LAS  \\$aW1711-1225$b00$c20171203$lBLL01$h1046
=STA  \\$aSUPPRESSED$bunable to determine reason for suppression

