=LDR  01482 cm a2200433 i 4500
=001  015976359
=003  Uk
=005  20130709165726.0
=006  m\\\\\\\\u\\||||||
=007  cr\|||||||||||
=008  111125s2011\\\\enkzza\|o||||||n\\|\zxx\\
=040  \\$aUk$beng$cUk$erda
=042  \\$aukblsr
=082  04$a783.4$223
=100  1\$aSorabji, Kaikhosru Shapurji,$d1892-1988,$ecomposer.
=240  10$aMovement,$mvoice, piano
=245  10$aMovement for voice and piano /$cKaikhosru Sorabji.
=264  \1$a[Bath, England] :$bSorabji Music Archive,$c[2011]
=300  \\$a1 online resource (1 score (13 pages)) :$bPDF
=336  \\$anotated music$2rdacontent
=337  \\$acomputer$2rdamedia
=338  \\$aonline resource$2rdacarrier
=500  \\$aFor baritone or mezzo-soprano voice and piano.
=500  \\$aWork composed 1931.
=500  \\$aWordless.
=500  \\$aTitle from PDF caption title.
=500  \\$aPDF viewed on 8 July 2013.
=546  \\$bStaff notation.
=650  \0$aVocalises (Medium voice) with piano.
=852  41$aBritish Library$bMUSIC$jDigital store
=CAT  \\$a12664$b40$c20111125$lBLL01$h1131
=CAT  \\$a12664$b40$c20111125$lBLL01$h1146
=CAT  \\$a12274$b40$c20130708$lBLL01$h1649
=CAT  \\$a12274$b40$c20130709$lBLL01$h1657
=CAT  \\$aW1711-1225$c20171203$lBLL01$h1046
=FIN  \\$aY$d20130708
=FMT  \\$a  MU
=LAS  \\$aW1711-1225$b00$c20171203$lBLL01$h1046
=STA  \\$aSUPPRESSED$bunable to determine reason for suppression

