=LDR  01813 cm a2200433 i 4500
=001  015976390
=003  Uk
=005  20140612160559.0
=006  m\\\\\\\\u\\||||||
=007  cr\|||||||||||
=008  111125s2011\\\\enkzzl\|o||||||n\\|\zxx\\
=040  \\$aUk$beng$cUk$erda
=042  \\$aukblsr
=082  04$a786.2$223
=100  1\$aSorabji, Kaikhosru Shapurji,$d1892-1988,$ecomposer.
=245  10$aOpus clavicembalisticum :$bMCMXXX : for piano solo /$cKaikhosru Sorabji.
=264  \1$a[Bath, England] :$b[Sorabji Music Archive],$c[2011]
=300  \\$a1 online resource (1 score (255 pages))
=336  \\$anotated music$2rdacontent
=337  \\$acomputer$2rdamedia
=338  \\$aonline resource$2rdacarrier
=347  \\$bPDF$2rda
=500  \\$aElectronic reproduction of (manifestation): Opus clavicembalisticum / Kaikhusru Sorabji. London : J. Curwen and Sons, 1931.
=500  \\$aThe copy (number 3 of a limited edition) used for this reproduction contains amendments in the composer's hand.
=534  \\$pElectronic reproduction of (manifestation):$aSorabji, Kaikhosru Shapurji, 1892-1988.$tOpus clavicembalisticum.$cLondon : J. Curwen and Sons, 1931.$nPublisher's numbers: KS 16, 999021.
=546  \\$bStaff notation.
=650  \0$aPiano music.
=852  41$aBritish Library$bMUSIC$jDigital store
=CAT  \\$a12664$b40$c20111125$lBLL01$h1155
=CAT  \\$a12274$b40$c20130709$lBLL01$h1634
=CAT  \\$a12274$b40$c20130709$lBLL01$h1658
=CAT  \\$a12274$b40$c20140529$lBLL01$h1405
=CAT  \\$a12274$b40$c20140529$lBLL01$h1406
=CAT  \\$a12274$b40$c20140612$lBLL01$h1605
=CAT  \\$aW1711-1225$c20171203$lBLL01$h1046
=FIN  \\$aY$d20130709
=FMT  \\$a  MU
=LAS  \\$aW1711-1225$b00$c20171203$lBLL01$h1046
=STA  \\$aSUPPRESSED$bunable to determine reason for suppression

