=LDR  01547 cm a2200445 i 4500
=001  015976478
=003  Uk
=005  20130815160724.0
=006  m\\\\\\\\u\\||||||
=007  cr\|||||||||||
=008  111125s2011\\\\enksyl\|o||||||n\\|\zxx\\
=040  \\$aUk$beng$cUk$erda
=042  \\$aukblsr
=082  04$a786.5184$223
=100  1\$aSorabji, Kaikhosru Shapurji,$d1892-1988,$ecomposer.
=240  10$aSymphonies,$morgan,$nno. 2
=245  10$aSecond symphony for organ :$bMCMXXIX /$cKaikhosru Sorabji.
=264  \1$a[Bath, England] :$b[Sorabji Music Archive],$c[2011]
=300  \\$a1 online resource (1 score (350 pages)) :$bPDF
=336  \\$anotated music$2rdacontent
=337  \\$acomputer$2rdamedia
=338  \\$aonline resource$2rdacarrier
=500  \\$aFor organ.
=500  \\$a"To Emlyn Davies".
=500  \\$aReproduction from holograph.
=500  \\$aTitle from PDF caption title.
=500  \\$aPDF viewed on 15 August 2013.
=546  \\$bStaff notation.
=600  10$aSorabji, Kaikhosru Shapurji,$d1892-1988$vManuscripts$vFacsimiles.
=650  \0$aSymphonies (Organ)
=650  \0$aMusic$vManuscripts$vFacsimiles.
=852  41$aBritish Library$bMUSIC$jDigital store
=CAT  \\$a12664$b40$c20111125$lBLL01$h1342
=CAT  \\$a12664$b40$c20111125$lBLL01$h1359
=CAT  \\$a12274$b40$c20130815$lBLL01$h1607
=CAT  \\$aW1711-1225$c20171203$lBLL01$h1046
=FIN  \\$aY$d20130815
=FMT  \\$a  MU
=LAS  \\$aW1711-1225$b00$c20171203$lBLL01$h1046
=STA  \\$aSUPPRESSED$bunable to determine reason for suppression

