=LDR  01797 cm a2200481 i 4500
=001  015976506
=003  Uk
=005  20130617160723.0
=006  m\\\\\\\\u\\||||||
=007  cr\|||||||||||
=008  111125s2011\\\\enkcoze|o||||||n\\|\zxx\\
=040  \\$aUk$beng$cUk$erda
=041  0\$geng
=042  \\$aukblsr
=082  04$a784.262186$223
=100  1\$aSorabji, Kaikhosru Shapurji,$d1892-1988,$ecomposer.
=240  10$aConcertos,$mpiano, orchestra,$nno. 5 (1920)
=245  10$aConcerto II (piano) :$bMCMXX /$cKaikhosru Sorabji.
=264  \1$a[Bath, England] :$b[Sorabji Archive],$c[2011]
=300  \\$a1 online resource (1 part (48 pages)) :$bPDF
=336  \\$anotated music$2rdacontent
=337  \\$acomputer$2rdamedia
=338  \\$aonline resource$2rdacarrier
=500  \\$aFor piano and orchestra.
=500  \\$aPiano solo part only.
=500  \\$aTitle from PDF.
=500  \\$aPDF viewed on 17 June 2013.
=500  \\$aReproduction of copyist's manuscript; the manuscript contains dedication and annotations in the hand of the composer.
=500  \\$aCover title of manuscript reads "Concerto II"; label on cover reads "Concerto no. 5".
=538  \\$aSystem requirements: Adobe Acrobat Reader.
=546  \\$aComposer's note in English.
=546  \\$bStaff notation.
=650  \0$aConcertos (Piano)$vParts (solo)
=852  41$aBritish Library$bMUSIC$jDigital store
=CAT  \\$a12664$b40$c20111125$lBLL01$h1400
=CAT  \\$a12274$b40$c20130617$lBLL01$h1515
=CAT  \\$a12274$b40$c20130617$lBLL01$h1516
=CAT  \\$a12274$b40$c20130617$lBLL01$h1607
=CAT  \\$aW1711-1225$c20171203$lBLL01$h1046
=FIN  \\$aY$d20130617
=FMT  \\$a  MU
=LAS  \\$aW1711-1225$b00$c20171203$lBLL01$h1046
=STA  \\$aSUPPRESSED$bunable to determine reason for suppression

