=LDR  01750 cm a2200493 i 4500
=001  015976545
=003  Uk
=005  20130821122051.0
=006  m\\\\\\\\u\\||||||
=007  cr\|||||||||||
=008  111125s2011\\\\enksgl\|o||||||n\\|\fre\\
=040  \\$aUk$beng$cUk$erda
=041  0\$afre$eeng
=042  \\$aukblsr
=082  04$a783.242$223
=100  1\$aSorabji, Kaikhosru Shapurji,$d1892-1988,$ecomposer.
=245  10$aRoses du soir :$bOpus I (2.) /$cK. Sorabji ; poésie de Pierre Louys.
=264  \1$a[Bath, England] :$b[Sorabji Music Archive],$c[2011]
=300  \\$a1 online resource (1 score (4 pages)) :$bPDF
=336  \\$anotated music$2rdacontent
=337  \\$acomputer$2rdamedia
=338  \\$aonline resource$2rdacarrier
=500  \\$aFor voice and piano.
=500  \\$aWork composed 1915.
=500  \\$aIncludes English translation of the words, by Charles Hopkins, presented as text.
=546  \\$aFrench words.
=546  \\$bStaff notation.
=600  10$aLouÿs, Pierre,$d1870-1925$vMusical settings.
=650  \0$aSongs with piano.
=650  \0$aSongs, French.
=700  1\$aLouÿs, Pierre,$d1870-1925.
=700  1\$aHopkins, Charles,$c-2007,$etranslator.
=852  41$aBritish Library$bMUSIC$jDigital store
=CAT  \\$a12664$b40$c20111125$lBLL01$h1421
=CAT  \\$a12664$b40$c20111125$lBLL01$h1534
=CAT  \\$a12274$b40$c20130815$lBLL01$h1416
=CAT  \\$a12274$b40$c20130815$lBLL01$h1417
=CAT  \\$a12274$b40$c20130815$lBLL01$h1424
=CAT  \\$a12274$b40$c20130821$lBLL01$h1220
=CAT  \\$aW1711-1225$c20171203$lBLL01$h1046
=FIN  \\$aY$d20130815
=FMT  \\$a  MU
=LAS  \\$aW1711-1225$b00$c20171203$lBLL01$h1046
=STA  \\$aSUPPRESSED$bunable to determine reason for suppression

