=LDR  02077 cm a2200565 i 4500
=001  015976567
=003  Uk
=005  20130614103536.0
=006  m\\\\\\\\d\\||||||
=007  cr\|||||||||||
=008  111125s2011\\\\enkzzz\\o\\\\\\n\\\\zxx\\
=040  \\$aUk$beng$cUk$erda
=042  \\$aukblsr
=082  04$a786.8848$223
=100  1\$aSorabji, Kaikhosru Shapurji,$d1892-1988,$ecomposer.
=245  10$aCampanile of St. Luke's church :$bGerman Town, Philadelphia : suggested bell chorale for St Luke's Carillon : MCMLXI /$cKaikhosru Shapurji Sorabji.
=264  \1$a[Bath] :$b[Sorabji Archive],$c[2011]
=300  \\$a1 online resource (1 score (1 page)) :$bPDF.
=336  \\$anotated music$2rdacontent
=337  \\$acomputer$2rdamedia
=338  \\$aonline resource$2rdacarrier
=500  \\$aFor carillon.
=500  \\$aReproduced from a manuscript copy made in 1989 by Marc-André Hamelin.
=500  \\$aTitle from PDF.
=500  \\$aPDF viewed on 20 March 2013.
=500  \\$aWork composed in 1961.
=500  \\$a"For my dear friend Norman Gentieu".
=538  \\$aSystem requirements: Adobe Acrobat Reader.
=546  \\$bStaff notation.
=650  \0$aCarillon music.
=650  \0$aBells.
=650  \0$aChorales.
=700  1\$aHamelin, Marc-André,$d1961-
=852  41$aBritish Library$bMUSIC$jDigital store
=CAT  \\$a12664$b40$c20111125$lBLL01$h1439
=CAT  \\$a12664$b40$c20111125$lBLL01$h1440
=CAT  \\$a12664$b40$c20111125$lBLL01$h1446
=CAT  \\$a12664$b40$c20111125$lBLL01$h1447
=CAT  \\$a12664$b40$c20111125$lBLL01$h1449
=CAT  \\$a12664$b40$c20111125$lBLL01$h1534
=CAT  \\$a12274$b40$c20130320$lBLL01$h1727
=CAT  \\$a12274$b40$c20130422$lBLL01$h1411
=CAT  \\$a12274$b40$c20130422$lBLL01$h1415
=CAT  \\$a12274$b40$c20130425$lBLL01$h1121
=CAT  \\$a12274$b40$c20130614$lBLL01$h1035
=CAT  \\$aW1711-1225$c20171203$lBLL01$h1046
=FIN  \\$aY$d20130320
=FMT  \\$a  MU
=LAS  \\$aW1711-1225$b00$c20171203$lBLL01$h1046
=STA  \\$aSUPPRESSED$bunable to determine reason for suppression

