=LDR  02041 cm a2200553 i 4500
=001  015976571
=003  Uk
=005  20130816151010.0
=006  m\\\\\\\\u\\||||||
=007  cr\|||||||||||
=008  111125s2011\\\\enkzzz\\o\\\\\\n\\\\zxx\\
=040  \\$aUk$beng$cUk$erda
=042  \\$aukblsr
=082  04$a786.8848$223
=100  1\$aSorabji, Kaikhosru Shapurji,$d1892-1988,$ecomposer.
=245  10$aCampanile of St. Luke's church, Germanstown :$bsuggested bell chorale for St Luke's carillon /$cKaikhosru Shapurj Sorabji.
=264  \1$a[Bath] :$b[Sorabji Archive],$c[2011]
=300  \\$a1 online resource (1 score (1 page)) :$bPDF
=336  \\$anotated music$2rdacontent
=337  \\$acomputer$2rdamedia
=338  \\$aonline resource$2rdacarrier
=500  \\$aFor carillon.
=500  \\$aTitle from PDF.
=500  \\$aPDF viewed on 19 April 2013.
=500  \\$aReproduced from holograph.
=500  \\$aHolograph dated 1961 and inscribed "For my dear friend Norman Gentieu Esq".
=538  \\$aSystem requirements: Adobe Acrobat Reader.
=546  \\$bStaff notation.
=600  10$aSorabji, Kaikhosru Shapurji,$d1892-1988$vManuscripts$vFacsimiles.
=650  \0$aCarillon music.
=650  \0$aBells.
=650  \0$aChorales.
=650  \0$aMusic$vManuscripts$vFacsimiles.
=852  41$aBritish Library$bMUSIC$jDigital store
=CAT  \\$a12664$b40$c20111125$lBLL01$h1450
=CAT  \\$a12664$b40$c20111125$lBLL01$h1451
=CAT  \\$a12664$b40$c20111125$lBLL01$h1530
=CAT  \\$a12664$b40$c20111125$lBLL01$h1532
=CAT  \\$a12274$b40$c20130419$lBLL01$h1710
=CAT  \\$a12274$b40$c20130422$lBLL01$h1303
=CAT  \\$a12274$b40$c20130422$lBLL01$h1309
=CAT  \\$a12274$b40$c20130425$lBLL01$h1121
=CAT  \\$a12274$b40$c20130614$lBLL01$h1035
=CAT  \\$a12274$b40$c20130816$lBLL01$h1510
=CAT  \\$aW1711-1225$c20171203$lBLL01$h1046
=FIN  \\$aY$d20130419
=FMT  \\$a  MU
=LAS  \\$aW1711-1225$b00$c20171203$lBLL01$h1046
=STA  \\$aSUPPRESSED$bunable to determine reason for suppression

