=LDR  01413 cm a2200409 i 4500
=001  015976621
=003  Uk
=005  20130821170727.0
=006  m\\\\\\\\u\\||||||
=007  cr\|||||||||||
=008  111125s2011\\\\enkwzl\|o||||||n\\|\zxx\\
=040  \\$aUk$beng$cUk$erda
=042  \\$aukblsr
=082  04$a786.218846$223
=100  1\$aSorabji, Kaikhosru Shapurji,$d1892-1988,$ecomposer.
=245  10$aValse fantaisie :$bpiano solo : MCMXXV /$cKaikhosru Sorabji.
=264  \1$a[Bath, England] :$b[Sorabji Music Archive],$c[2011]
=300  \\$a1 online resource (1 score (16 pages)) :$bPDF
=336  \\$anotated music$2rdacontent
=337  \\$acomputer$2rdamedia
=338  \\$aonline resource$2rdacarrier
=500  \\$aReproduced from holograph.
=500  \\$aTitle from PDF caption title.
=500  \\$aPDF viewed on 21 August 2013.
=546  \\$bStaff notation.
=600  10$aSorabji, Kaikhosru Shapurji,$d1892-1988$vManuscripts$vFacsimiles.
=650  \0$aWaltzes.
=650  \0$aPiano music.
=650  \0$aMusic$vManuscripts$vFacsimiles.
=852  41$aBritish Library$bMUSIC$jDigital store
=CAT  \\$a12664$b40$c20111125$lBLL01$h1604
=CAT  \\$a12274$b40$c20130821$lBLL01$h1707
=CAT  \\$aW1711-1225$c20171203$lBLL01$h1046
=FIN  \\$aY$d20130821
=FMT  \\$a  MU
=LAS  \\$aW1711-1225$b00$c20171203$lBLL01$h1046
=STA  \\$aSUPPRESSED$bunable to determine reason for suppression

