=LDR  01550 cm a2200421 a 4500
=001  015976631
=003  Uk
=005  20140612160526.0
=006  m\\\\\\\\u\\||||||
=007  cr\|||||||||||
=008  111125s2011\\\\enkvrl\|o||||||n\\|\zxx\\
=040  \\$aUk$beng$cUk$erda
=042  \\$aukblsr
=082  04$a786.21825$223
=100  1\$aSorabji, Kaikhosru Shapurji,$d1892-1988,$ecomposer.
=240  10$aVariazione maliziosa e perversa
=245  10$aVariazione maliziosa e perversa sopra La morte d'Åse da Grieg /$cKaikhosru Shapurji Sorabji.
=264  \1$a[Bath, England] :$b[Sorabji Music Archive],$c[2011]
=300  \\$a1 online resource (1 score (2 pages)) :$bPDF
=336  \\$anotated music$2rdacontent
=337  \\$acomputer$2rdamedia
=338  \\$aonline resource$2rdacarrier
=500  \\$aReproduced from holograph.
=546  \\$bStaff notation.
=600  10$aSorabji, Kaikhosru Shapurji,$d1892-1988$vManuscripts$vFacsimiles.
=650  \0$aVariations (Piano)
=650  \0$aMusic$vManuscripts$vFacsimiles.
=700  1\$aGrieg, Edvard,$d1843-1907.$tPeer Gynt.$pÅses död.
=852  41$aBritish Library$bMUSIC$jDigital score
=CAT  \\$a12664$b40$c20111125$lBLL01$h1613
=CAT  \\$a12274$b40$c20130828$lBLL01$h1528
=CAT  \\$a12274$b40$c20130828$lBLL01$h1529
=CAT  \\$a12274$b40$c20140612$lBLL01$h1605
=CAT  \\$aW1711-1225$c20171203$lBLL01$h1046
=FIN  \\$aY$d20130828
=FMT  \\$a  MU
=LAS  \\$aW1711-1225$b00$c20171203$lBLL01$h1046
=STA  \\$aSUPPRESSED$bunable to determine reason for suppression

