=LDR  01862 cm a2200469 i 4500
=001  015976647
=003  Uk
=005  20130829150844.0
=006  m\\\\\\\\u\\||||||
=007  cr\|||||||||||
=008  111125s2011\\\\enkzzl\|o||||||n\\|\zxx\\
=040  \\$aUk$beng$cUk$erda
=042  \\$aukblsr
=082  04$a786.2$223
=100  1\$aSorabji, Kaikhosru Shapurji,$d1892-1988,$ecomposer.
=245  10$aVilla Tasca :$bmezzogiorno siciliano : evocazione nostalgica : 'Le fier silence de midi', Mallarmé /$cKaikhosru Shapurji Sorabji.
=264  \1$a[Bath, England] :$b[Sorabji Music Archive],$c[2011]
=300  \\$a1 online resource (1 score (47 pages)) :$bPDF
=336  \\$anotated music$2rdacontent
=337  \\$acomputer$2rdamedia
=338  \\$aonline resource$2rdacarrier
=500  \\$aFor piano.
=500  \\$a"Mezzogiorno siciliano evocazione nostalgica e memoria tanta cara e preziosa del giardino meraviglioso, splendido, tropicale (1980)"--dedication.
=500  \\$aDedicated to Ronald Stevenson.
=500  \\$aReproduced from holograph dated 1979.
=500  \\$aTitle from PDF caption title.
=500  \\$aPDF viewed on 29 August 2013.
=546  \\$bStaff notation.
=600  10$aSorabji, Kaikhosru Shapurji,$d1892-1988$vManuscripts$vFacsimiles.
=650  \0$aPiano music.
=650  \0$aMusic$vManuscripts$vFacsimiles.
=700  1\$aStevenson, Ronald,$d1928-2015,$ededicatee.
=852  41$aBritish Library$bMUSIC$jDigital store
=CAT  \\$a12664$b40$c20111125$lBLL01$h1628
=CAT  \\$a12664$b40$c20111125$lBLL01$h1630
=CAT  \\$a12274$b40$c20130829$lBLL01$h1508
=CAT  \\$aBATCH-UPD$b40$c20150402$lBLL01$h2139
=CAT  \\$aW1711-1225$c20171203$lBLL01$h1046
=FIN  \\$aY$d20130829
=FMT  \\$a  MU
=LAS  \\$aW1711-1225$b00$c20171203$lBLL01$h1046
=STA  \\$aSUPPRESSED$bunable to determine reason for suppression

