=LDR  01316 cm a2200373 i 4500
=001  015976650
=003  Uk
=005  20140612160518.0
=006  m\\\\\\\\u\\||||||
=007  cr\|||||||||||
=008  111125s2011\\\\enkzzl\|o||||||n\\|\zxx\\
=040  \\$aUk$beng$cUk$erda
=042  \\$aukblsr
=082  04$a786.2$223
=100  1\$aSorabji, Kaikhosru Shapurji,$d1892-1988,$ecomposer.
=240  10$aNido di scatole
=245  13$aUn nido di scatole sopra il nome del grande e buon amico Harold Rutland :$bMCMLIV A.D. /$cda Kaikhosru Shapurji Sorabji.
=264  \1$a[Bath, England] :$b[Sorabji Music Archive],$c[2011]
=300  \\$a1 online resource (1 score (28 pages)) :$bPDF
=336  \\$anotated music$2rdacontent
=337  \\$acomputer$2rdamedia
=338  \\$aonline resource$2rdacarrier
=546  \\$bStaff notation.
=650  \0$aPiano music.
=700  1\$aRutland, Harold,$d1900-1977,$ededicatee.
=852  41$aBritish Library$bMUSIC$jDigital store
=CAT  \\$a12664$b40$c20111125$lBLL01$h1646
=CAT  \\$a12274$b40$c20130821$lBLL01$h1553
=CAT  \\$a12274$b40$c20140612$lBLL01$h1605
=CAT  \\$aW1711-1225$c20171203$lBLL01$h1046
=FIN  \\$aY$d20130821
=FMT  \\$a  MU
=LAS  \\$aW1711-1225$b00$c20171203$lBLL01$h1046
=STA  \\$aSUPPRESSED$bunable to determine reason for suppression

