=LDR  01328 cm a2200373 i 4500
=001  015976651
=003  Uk
=005  20140612160444.0
=006  m\\\\\\\\u\\||||||
=007  cr\|||||||||||
=008  111125s2011\\\\enktcl\|o||||||n\\|\zxx\\
=040  \\$aUk$beng$cUk$erda
=042  \\$aukblsr
=082  04$a786.218947$223
=100  1\$aSorabji, Kaikhosru Shapurji,$d1892-1988,$ecomposer.
=245  10$aToccatinetta sopra C.G.F. :$bsi costituisse da uno preludietto quindi una piccola passacaglia maliziosa e per finire una fughetta /$cda Kaikhosru Sorabji compilata.
=264  \1$a[Bath, England] :$b[Sorabji Music Archive],$c[2011]
=300  \\$a1 online resource (1 score (8 pages)) :$bPDF
=336  \\$anotated music$2rdacontent
=337  \\$acomputer$2rdamedia
=338  \\$aonline resource$2rdacarrier
=500  \\$aFor piano.
=546  \\$bStaff notation.
=650  \0$aToccatas.
=650  \0$aPiano music.
=852  41$aBritish Library$bMUSIC$jDigital store
=CAT  \\$a12664$b40$c20111125$lBLL01$h1659
=CAT  \\$a12274$b40$c20130821$lBLL01$h1029
=CAT  \\$a12274$b40$c20140612$lBLL01$h1604
=CAT  \\$aW1711-1225$c20171203$lBLL01$h1046
=FIN  \\$aY$d20130821
=FMT  \\$a  MU
=LAS  \\$aW1711-1225$b00$c20171203$lBLL01$h1046
=STA  \\$aSUPPRESSED$bunable to determine reason for suppression

