=LDR  01767 cm a2200493 i 4500
=001  015976652
=003  Uk
=005  20130820162123.0
=006  m\\\\\\\\u\\||||||
=007  cr\|||||||||||
=008  111125s2011\\\\enksgl\|o||||||n\\|\eng\\
=040  \\$aUk$beng$cUk$erda
=041  0\$aeng$hsrp
=042  \\$aukblsr
=082  04$a783.242$223
=100  1\$aSorabji, Kaikhosru Shapurji,$d1892-1988,$ecomposer.
=245  14$aThe Poplars :$bopus II. 1 /$cK. Sorabji; [text by] Iovan Ducic ; translation by Paul Selver from the Servian.
=264  \1$a[Bath, England] :$b[Sorabji Music Archive],$c[2011]
=300  \\$a1 online resource (1 score (4, 3 pages)) :$bPDF
=336  \\$anotated music$2rdacontent
=337  \\$acomputer$2rdamedia
=338  \\$aonline resource$2rdacarrier
=500  \\$aFor voice and piano.
=500  \\$aWork composed 1915.
=500  \\$aReproduced from holograph.
=500  \\$aTitle from PDF caption title.
=500  \\$aPDF viewed on 20 August 2013.
=546  \\$aEnglish words.
=546  \\$bStaff notation.
=600  10$aSorabji, Kaikhosru Shapurji,$d1892-1988$vManuscripts$vFacsimiles.
=600  10$aDučić, Jovan,$d1871-1943$vMusical settings.
=650  \0$aSongs with piano.
=650  \0$aSongs, English.
=650  \0$aMusic$vManuscripts$vFacsimiles.
=700  1\$aDučić, Jovan,$d1871-1943.
=700  1\$aSelver, Paul,$d1888-1970,$etranslator.
=852  41$aBritish Library$bMUSIC$jDigital store
=CAT  \\$a12664$b40$c20111125$lBLL01$h1708
=CAT  \\$a12274$b40$c20130820$lBLL01$h1621
=CAT  \\$aW1711-1225$c20171203$lBLL01$h1046
=FIN  \\$aY$d20130820
=FMT  \\$a  MU
=LAS  \\$aW1711-1225$b00$c20171203$lBLL01$h1046
=STA  \\$aSUPPRESSED$bunable to determine reason for suppression

