=LDR  02158 cm a2200565 i 4500
=001  015980777
=003  Uk
=005  20130711141039.0
=006  m\\\\\\\\u\\||||||
=007  cd||||||||||||
=008  111201s2002\\\\enksga\\o\\\\\\n\\\\fre\\
=040  \\$aUk$beng$cUk$erda
=041  0\$afre$eeng
=042  \\$aukblsr
=082  04$a783.642$223
=100  1\$aSorabji, Kaikhosru Shapurji,$d1892-1988,$ecomposer.
=240  10$aArabesque,$msoprano, piano
=245  10$aArabesque :$bsenza tempo : quasi improvisato : très lent /$cKaikhosru Shapurji Sorabji ; [words by] Shams' Ud Din Ibrahim Mirza.
=264  \1$a[Bath] :$b[Sorabji Archive],$c[2002?]
=300  \\$a1 online resource (1 score (2 unnumbered pages)) :$bPDF
=336  \\$anotated music$2rdacontent
=337  \\$acomputer$2rdamedia
=338  \\$aonline resource$2rdacarrier
=500  \\$aFor voice (S) and piano.
=500  \\$aTitle from PDF caption title.
=500  \\$aPDF viewed on 20 March 2013.
=500  \\$aReproduced from holograph.
=500  \\$aEnglish translation of the text by Charles Hopkins precedes score.
=538  \\$aSystem requirements: Adobe Acrobat Reader.
=546  \\$aFrench words.
=546  \\$bStaff notation.
=600  10$aSorabji, Kaikhosru Shapurji,$d1892-1988$vManuscripts$vFacsimiles.
=600  10$aMirza, Shams' Ud Din Ibrahim$vMusical settings.
=650  \0$aSongs (High voice) with piano.
=650  \0$aMusic$vManuscripts$vFacsimiles.
=700  1\$aMirza, Shams' Ud Din Ibrahim.
=700  1\$aHopkins, Charles,$c-2007,$etranslator.
=852  41$aBritish Library$bMUSIC$jDigital store
=CAT  \\$a12664$b40$c20111201$lBLL01$h1101
=CAT  \\$a12274$b40$c20130320$lBLL01$h1558
=CAT  \\$a12274$b40$c20130422$lBLL01$h1417
=CAT  \\$a12274$b40$c20130422$lBLL01$h1442
=CAT  \\$a12274$b40$c20130425$lBLL01$h1123
=CAT  \\$a12274$b40$c20130614$lBLL01$h1039
=CAT  \\$a5100$b40$c20130711$lBLL01$h1410
=CAT  \\$aW1711-1225$c20171203$lBLL01$h1046
=FIN  \\$aY$d20130320
=FMT  \\$a  MU
=LAS  \\$aW1711-1225$b00$c20171203$lBLL01$h1046
=STA  \\$aSUPPRESSED$bunable to determine reason for suppression

