=LDR  01519 cm a2200445 i 4500
=001  015980821
=003  Uk
=005  20140612160452.0
=006  m\\\\\\\\u\\||||||
=007  cr\|||||||||||
=008  111201s2011\\\\enkzzz\\o\\\\\\n\\\\zxx\\
=040  \\$aUk$beng$cUk$erda
=042  \\$aukblsr
=082  04$a784.2$223
=100  1\$aSorabji, Kaikhosru Shapurji,$d1892-1988,$ecomposer.
=245  10$aChaleur :$bopus V : partition d'orchestre /$cKaikhosru Sorabji.
=246  36$aPoème
=264  \1$a[Bath] :$b[Sorabji Archive],$c[2011]
=300  \\$a1 online resource (1 score (40 pages)) :$bPDF
=336  \\$anotated music$2rdacontent
=337  \\$acomputer$2rdamedia
=338  \\$aonline resource$2rdacarrier
=500  \\$aFor orchestra.
=500  \\$aWork composed in 1916 and 1917.
=500  \\$aReproduced from copyist's manuscript.
=546  \\$bStaff notation.
=650  \0$aOrchestra music$vScores.
=650  \0$aMusic$vManuscripts$vFacsimiles.
=852  41$aBritish Library$bMUSIC$jDigital score
=CAT  \\$a12664$b40$c20111201$lBLL01$h1123
=CAT  \\$a12274$b40$c20130419$lBLL01$h1731
=CAT  \\$a12274$b40$c20130422$lBLL01$h1306
=CAT  \\$a12274$b40$c20130425$lBLL01$h1119
=CAT  \\$a12274$b40$c20130614$lBLL01$h1029
=CAT  \\$a12274$b40$c20140612$lBLL01$h1604
=CAT  \\$aW1711-1225$c20171203$lBLL01$h1046
=FIN  \\$aY$d20130419
=FMT  \\$a  MU
=LAS  \\$aW1711-1225$b00$c20171203$lBLL01$h1046
=STA  \\$aSUPPRESSED$bunable to determine reason for suppression

