=LDR  02073 cm a2200529 i 4500
=001  015980905
=003  Uk
=005  20140612160459.0
=006  m\\\\\\\\u\\||||||
=007  cr\|||||||||||
=008  111201s2011\\\\enkmsa\|o||||||n\\|\lat\\
=040  \\$aUk$beng$cUk$erda
=042  \\$aukblsr
=082  04$a782.53232$223
=100  1\$aSorabji, Kaikhosru Shapurji,$d1892-1988,$ecomposer.
=240  10$aMessa grande sinfonica.$kSelections
=245  10$aMessa alta sinfonica :$bKyrie : Gloria /$cKaikhosru Shapurji Sorabji.
=264  \1$a[Bath, England] :$b[Sorabji Archive],$c[2011]
=300  \\$a1 online resource (1 score (351 pages)) :$bPDF
=336  \\$anotated music$2rdacontent
=337  \\$acomputer$2rdamedia
=338  \\$aonline resource$2rdacarrier
=500  \\$aFor vocal soloists, 2 choirs and orchestra.
=500  \\$aWork composed 1955-1961.
=500  \\$aReproduced from holograph.
=505  0\$aKyrie (page 1) -- Gloria (page 142).
=546  \\$aLatin words.
=546  \\$bStaff notation.
=600  10$aSorabji, Kaikhosru Shapurji,$d1892-1988$vManuscripts$vFacsimiles.
=650  \0$aChoruses, Sacred (Mixed voices) with orchestra$vScores.
=650  \0$aMusic$vManuscripts$vFacsimiles.
=700  1\$aSorabji, Kaikhosru Shapurji,$d1892-1988.$tMessa grande sinfonica.$pKyrie.
=700  1\$aSorabji, Kaikhosru Shapurji,$d1892-1988.$tMessa grande sinfonica.$pGloria.
=852  41$aBritish Library$bMUSIC$jDigital store
=985  \\$aPreferred title from Roberge's Sorabji Resource site.
=CAT  \\$a12664$b40$c20111201$lBLL01$h1205
=CAT  \\$a12664$b40$c20111201$lBLL01$h1212
=CAT  \\$a12664$b40$c20111201$lBLL01$h1230
=CAT  \\$a12664$b40$c20111201$lBLL01$h1420
=CAT  \\$a12274$b40$c20130621$lBLL01$h1817
=CAT  \\$a12274$b40$c20130710$lBLL01$h0954
=CAT  \\$a12274$b40$c20140612$lBLL01$h1604
=CAT  \\$aW1711-1225$c20171203$lBLL01$h1046
=FIN  \\$aY$d20130621
=FMT  \\$a  MU
=LAS  \\$aW1711-1225$b00$c20171203$lBLL01$h1046
=STA  \\$aSUPPRESSED$bunable to determine reason for suppression

