=LDR  02153 cm a2200541 i 4500
=001  015980984
=003  Uk
=005  20130710095343.0
=006  m\\\\\\\\u\\||||||
=007  cr\|||||||||||
=008  111201s2011\\\\enkmsa\|o||||||n\\|\lat\\
=040  \\$aUk$beng$cUk$erda
=042  \\$aukblsr
=082  04$a782.53232$223
=100  1\$aSorabji, Kaikhosru Shapurji,$d1892-1988,$ecomposer.
=240  10$aMessa grande sinfonica.$kSelections
=245  10$aMessa alta sinfonica :$bvol. II /$c[Kaikhosru Shapurji Sorabji].
=264  \1$a[Bath, England] :$b[Sorabji Archive],$c[2011]
=300  \\$a1 online resource (1 score (pages 550-830)) :$bPDF
=336  \\$anotated music$2rdacontent
=337  \\$acomputer$2rdamedia
=338  \\$aonline resource$2rdacarrier
=500  \\$aFor vocal soloists, 2 choirs and orchestra.
=500  \\$aWork composed 1955-1961.
=500  \\$aReproduced from holograph.
=500  \\$aTitle from PDF caption title.
=500  \\$aPDF viewed on 21 June 2013.
=505  0\$aOffertorium -- Sanctus -- Pater noster.
=546  \\$aLatin words.
=546  \\$bStaff notation.
=600  10$aSorabji, Kaikhosru Shapurji,$d1892-1988$vManuscripts$vFacsimiles.
=650  \0$aMasses.
=650  \0$aChoruses, Sacred (Mixed voices) with orchestra$vScores.
=650  \0$aMusic$vManuscripts$vFacsimiles.
=700  1\$aSorabji, Kaikhosru Shapurji,$d1892-1988.$tMessa grande sinfonica.$pOffertorium.
=700  1\$aSorabji, Kaikhosru Shapurji,$d1892-1988.$tMessa grande sinfonica.$pSanctus.
=700  1\$aSorabji, Kaikhosru Shapurji,$d1892-1988.$tMessa grande sinfonica.$pPater noster.
=852  41$aBritish Library$bMUSIC$jDigital store
=985  \\$aPreferred title in 240 from Roberge's Sorabji Resource site.
=CAT  \\$a12664$b40$c20111201$lBLL01$h1339
=CAT  \\$a12664$b40$c20111201$lBLL01$h1414
=CAT  \\$a12274$b40$c20130621$lBLL01$h1805
=CAT  \\$a12274$b40$c20130710$lBLL01$h0953
=CAT  \\$aW1711-1225$c20171203$lBLL01$h1046
=FIN  \\$aY$d20130621
=FMT  \\$a  MU
=LAS  \\$aW1711-1225$b00$c20171203$lBLL01$h1046
=STA  \\$aSUPPRESSED$bunable to determine reason for suppression

