=LDR  01612 cm a2200457 i 4500
=001  015981113
=003  Uk
=005  20130711124452.0
=006  m\\\\\\\\u\\||||||
=007  cr\|||||||||||
=008  111201s2011\\\\enkzzl\|o||||||n\\|\zxx\\
=040  \\$aUk$beng$cUk$erda
=042  \\$aukblsr
=082  04$a786.2$223
=100  1\$aSorabji, Kaikhosru Shapurji,$d1892-1988,$ecomposer.
=240  10$aPassacaglia,$mpiano
=245  10$aPassacaglia :$bMCMXXIX /$cKaikhosru Sorabji.
=264  \1$a[Bath, England] :$b[Sorabji Music Archive],$c[2011]
=300  \\$a1 online resource (1 score (37 pages)) :$bPDF
=336  \\$anotated music$2rdacontent
=337  \\$acomputer$2rdamedia
=338  \\$aonline resource$2rdacarrier
=500  \\$aFor piano.
=500  \\$aWork composed 1929.
=500  \\$aTitle from PDF caption title.
=500  \\$aPDF viewed on 11 July 2013.
=500  \\$aReproduced from holograph.
=505  0\$aI. Introduzione -- II. Passacaglia -- III. Cadenza fantasiata -- IV. Fuga.
=546  \\$bStaff notation.
=600  10$aSorabji, Kaikhosru Shapurji,$d1892-1988$vManuscripts$vFacsimiles.
=650  \0$aPassacaglias (piano)
=650  \0$aMusic$vManuscripts$vFacsimiles.
=852  41$aBritish Library$bMUSIC$jDigital store
=CAT  \\$a12664$b40$c20111201$lBLL01$h1452
=CAT  \\$a12664$b40$c20111201$lBLL01$h1502
=CAT  \\$a12274$b40$c20130711$lBLL01$h1244
=CAT  \\$aW1711-1225$c20171203$lBLL01$h1046
=FIN  \\$aY$d20130711
=FMT  \\$a  MU
=LAS  \\$aW1711-1225$b00$c20171203$lBLL01$h1046
=STA  \\$aSUPPRESSED$bunable to determine reason for suppression

