=LDR  01518 cm a2200409 i 4500
=001  015981127
=003  Uk
=005  20140612160401.0
=006  m\\\\\\\\u\\||||||
=007  cr\|||||||||||
=008  111201s2011\\\\enkzzl\|o||||||n\\|\zxx\\
=040  \\$aUk$beng$cUk$erda
=042  \\$aukblsr
=082  04$a786.2$223
=100  1\$aSorabji, Kaikhosru Shapurji,$d1892-1988,$ecomposer.
=240  10$aPastiches.$pChopin, Valse, op. 64, no. 1
=245  10$aPastiche on Op. 64 no.1 of Chopin /$cKaikhosru Sorabji.
=264  \1$a[Bath, England] :$b[Sorabji Archive],$c[2011]
=300  \\$a1 online resource (1 score (7 pages)) :$bPDF
=336  \\$anotated music$2rdacontent
=337  \\$acomputer$2rdamedia
=338  \\$aonline resource$2rdacarrier
=500  \\$aFor piano.
=500  \\$aReproduced from manuscript: "Copyist's M.S. copy annotated by the composer".
=500  \\$aImitation of (work): Chopin, Frédéric, 1810-1849. Waltzes, piano, op. 64. No. 1.
=546  \\$bStaff notation.
=650  \0$aPiano music.
=700  1\$aChopin, Frédéric,$d1810-1849.$tWaltzes,$mpiano,$nop. 64.$nNo. 1.
=852  41$aBritish Library$bMUSIC$jDigital store
=CAT  \\$a12664$b40$c20111201$lBLL01$h1502
=CAT  \\$a12274$b40$c20130813$lBLL01$h1618
=CAT  \\$a12274$b40$c20140612$lBLL01$h1604
=CAT  \\$aW1711-1225$c20171203$lBLL01$h1046
=FIN  \\$aY$d20130813
=FMT  \\$a  MU
=LAS  \\$aW1711-1225$b00$c20171203$lBLL01$h1046
=STA  \\$aSUPPRESSED$bunable to determine reason for suppression

