=LDR  01609 cm a2200445 i 4500
=001  015988559
=003  Uk
=005  20140612160352.0
=006  m\\\\\\\\u\\||||||
=007  cr\|||||||||||
=008  111208s2011\\\\enktcl\|o||||||n\\|\zxx\\
=040  \\$aUk$beng$cUk$erda
=042  \\$aukblsr
=082  04$a786.218947$223
=100  1\$aSorabji, Kaikhosru Shapurji,$d1892-1988,$ecomposer.
=240  10$aToccatas,$mpiano,$nno. 1
=245  10$aToccata for piano :$bMCMXXVIII /$cKaikhosru Sorabji.
=264  \1$a[Bath, England] :$b[Sorabji Music Archive],$c[2011]
=300  \\$a1 online resource (1 score (66 pages)) :$bPDF
=336  \\$anotated music$2rdacontent
=337  \\$acomputer$2rdamedia
=338  \\$aonline resource$2rdacarrier
=500  \\$aReproduced from holograph.
=505  0\$aI. Preludio-corale : II. Passacaglia : III. Cadenza figurale : IV. Fuga : V. Coda-stretta.
=546  \\$bStaff notation.
=600  10$aSorabji, Kaikhosru Shapurji,$d1892-1988$vManuscripts$vFacsimiles.
=650  \0$aToccatas.
=650  \0$aPiano music.
=650  \0$aMusic$vManuscripts$vFacsimiles.
=852  41$aBritish Library$bMUSIC$jDigital store
=CAT  \\$a12664$b40$c20111208$lBLL01$h1337
=CAT  \\$a12664$b40$c20111208$lBLL01$h1338
=CAT  \\$a12664$b40$c20111208$lBLL01$h1341
=CAT  \\$a12274$b40$c20130821$lBLL01$h0933
=CAT  \\$a12274$b40$c20140612$lBLL01$h1603
=CAT  \\$aW1711-1225$c20171203$lBLL01$h1046
=FIN  \\$aY$d20130821
=FMT  \\$a  MU
=LAS  \\$aW1711-1225$b00$c20171203$lBLL01$h1046
=STA  \\$aSUPPRESSED$bunable to determine reason for suppression

