=LDR  01604 cm a2200445 i 4500
=001  015988710
=003  Uk
=005  20140612160308.0
=006  m\\\\\\\\u\\||||||
=007  cr\|||||||||||
=008  111208s2011\\\\enkzzl\|o||||||n\\|\zxx\\
=040  \\$aUk$beng$cUk$erda
=042  \\$aukblsr
=082  04$a786.21825$223
=100  1\$aSorabji, Kaikhosru Shapurji,$d1892-1988,$ecomposer.
=245  10$aVariazioni e fuga triplice sopra 'Dies irae' :$bper pianoforte /$cda Kaikhosru Sorabji.
=264  \1$a[Bath, England] :$b[Sorabji Music Archive],$c[2011]
=300  \\$a1 online resource (1 score (201 pages)) :$bPDF
=336  \\$anotated music$2rdacontent
=337  \\$acomputer$2rdamedia
=338  \\$aonline resource$2rdacarrier
=500  \\$aReproduced from holograph.
=546  \\$bStaff notation.
=600  10$aSorabji, Kaikhosru Shapurji,$d1892-1988$vManuscripts$vFacsimiles.
=650  \0$aVariations (Piano)
=650  \0$aCanons, fugues, etc. (Piano)
=650  \0$aDies irae (Music)
=650  \0$aMusic$vManuscripts$vFacsimiles.
=852  41$aBritish Library$bMUSIC$jDigital store
=CAT  \\$a12664$b40$c20111208$lBLL01$h1548
=CAT  \\$a12664$b40$c20111208$lBLL01$h1549
=CAT  \\$a12664$b40$c20111208$lBLL01$h1550
=CAT  \\$a12664$b40$c20111208$lBLL01$h1556
=CAT  \\$a12274$b40$c20130828$lBLL01$h1612
=CAT  \\$a12274$b40$c20140612$lBLL01$h1603
=CAT  \\$aW1711-1225$c20171203$lBLL01$h1046
=FIN  \\$aY$d20130828
=FMT  \\$a  MU
=LAS  \\$aW1711-1225$b00$c20171203$lBLL01$h1046
=STA  \\$aSUPPRESSED$bunable to determine reason for suppression

