=LDR  02102 cm a2200541 i 4500
=001  015988733
=003  Uk
=005  20130821121750.0
=006  m\\\\\\\\u\\||||||
=007  cr\|||||||||||
=008  111208s2011\\\\enksgl\|o||||||n\\|\fre\\
=040  \\$aUk$beng$cUk$erda
=041  0\$afre$eeng
=042  \\$aukblsr
=082  04$a783.242$223
=100  1\$aSorabji, Kaikhosru Shapurji,$d1892-1988,$ecomposer.
=240  10$aPoèmes$n(1941)
=245  13$aLe faune, Les chats, La dernière fête galante /$cKaikhosru Shapurji Sorabji.
=264  \1$a[Bath, England] :$b[Sorabji Music Archive],$c[2011]
=300  \\$a1 online resource (1 score (3, 5, 5 pages)) :$bPDF
=336  \\$anotated music$2rdacontent
=337  \\$acomputer$2rdamedia
=338  \\$aonline resource$2rdacarrier
=500  \\$aFor voice and piano.
=500  \\$aIncludes English translations of the texts by Charles Hopkins, presented separately.
=500  \\$aReproduced from holograph.
=500  \\$aTitle from PDF title pages.
=500  \\$aPDF viewed on 21 August 2013.
=505  0\$aLe faune / [words by] Paul Verlaine -- Les chats / [words by Charles Baudelaire] -- La dernière fête galante [words by] Paul Verlaine.
=546  \\$bStaff notation.
=546  \\$aFrench words.
=600  10$aSorabji, Kaikhosru Shapurji,$d1892-1988$vManuscripts$vFacsimiles.
=600  10$aVerlaine, Paul,$d1844-1896$vMusical settings.
=600  10$aBaudelaire, Charles,$d1821-1867$vMusical settings.
=650  \0$aSongs with piano.
=650  \0$aSongs, French.
=650  \0$aMusic$vManuscripts$vFacsimiles.
=700  1\$aVerlaine, Paul,$d1844-1896.
=700  1\$aBaudelaire, Charles,$d1821-1867.
=700  1\$aHopkins, Charles,$c-2007,$etranslator.
=852  41$aBritish Library$bMUSIC$jDigital store
=CAT  \\$a12664$b40$c20111208$lBLL01$h1604
=CAT  \\$a12274$b40$c20130821$lBLL01$h1217
=CAT  \\$aW1711-1225$c20171203$lBLL01$h1046
=FIN  \\$aY$d20130821
=FMT  \\$a  MU
=LAS  \\$aW1711-1225$b00$c20171203$lBLL01$h1046
=STA  \\$aSUPPRESSED$bunable to determine reason for suppression

