=LDR  01640 cm a2200469 i 4500
=001  015988740
=003  Uk
=005  20130710171829.0
=006  m\\\\\\\\u\\||||||
=007  cr\|||||||||||
=008  111208s2011\\\\enksga\|o||||||n\\|\fre\\
=040  \\$aUk$beng$cUk$erda
=042  \\$aukblsr
=082  04$a783.242$223
=100  1\$aSorabji, Kaikhosru Shapurji,$d1892-1988,$ecomposer.
=240  10$aPoèmes$n(1919).$pPantomime
=245  10$aPantomine /$cKaikhosru Sorabji ; [words by] Verlaine.
=264  \1$a[Bath, England] :$b[Sorabji Music Archive],$c[2011]
=300  \\$a1 online resource (1 score (4 pages)) :$bPDF
=336  \\$anotated music$2rdacontent
=337  \\$acomputer$2rdamedia
=338  \\$aonline resource$2rdacarrier
=500  \\$aFor voice and piano.
=500  \\$aTitle from PDF caption title.
=500  \\$aPDF viewed on 20 June 2013.
=500  \\$aReproduced from holograph dated 1919.
=546  \\$aFrench words.
=546  \\$bStaff notation.
=600  10$aVerlaine, Paul,$d1844-1896$vMusical settings.
=600  10$aSorabji, Kaikhosru Shapurji,$d1892-1988$vManuscripts$vFacsimiles.
=650  \0$aMusic$vManuscripts$vFacsimiles.
=650  \0$aSongs with piano.
=650  \0$aSongs, French.
=700  1\$aVerlaine, Paul,$d1844-1896.
=852  41$aBritish Library$bMUSIC$jDigital store
=CAT  \\$a12664$b40$c20111208$lBLL01$h1612
=CAT  \\$a12274$b40$c20130710$lBLL01$h1718
=CAT  \\$aW1711-1225$c20171203$lBLL01$h1046
=FIN  \\$aY$d20130710
=FMT  \\$a  MU
=LAS  \\$aW1711-1225$b00$c20171203$lBLL01$h1046
=STA  \\$aSUPPRESSED$bunable to determine reason for suppression

