=LDR  02174 cm a2200529 i 4500
=001  015988742
=003  Uk
=005  20140529145740.0
=006  m\\\\\\\\u\\||||||
=007  cr\|||||||||||
=008  111208s2011\\\\enksgl\|o||||||n\\|\fre\\
=040  \\$aUk$beng$cUk$erda
=041  0\$afre$eeng
=042  \\$aukblsr
=082  04$a783.242$223
=100  1\$aSorabji, Kaikhosru Shapurji,$d1892-1988,$ecomposer.
=240  10$aPoèmes$n(1919)
=245  10$aTrois poèmes pour chant et piano /$cKaikhosru Sorabji.
=264  \1$a[Bath, England] :$b[Sorabji Music Archive],$c[2011]
=300  \\$a1 online resource (1 score (11 pages))
=336  \\$anotated music$2rdacontent
=337  \\$acomputer$2rdamedia
=338  \\$aonline resource$2rdacarrier
=347  \\$bPDF$2rda
=500  \\$aFor voice and piano.
=500  \\$aIncludes English translation of the texts by Charles Hopkins, presented separately.
=505  0\$aCorrespondances / [words by] Charles Baudelaire -- Crépuscule du soir mystique / [words by] Paul Verlaine -- Pantomine / [words by] Charles Baudelaire.
=534  \\$pElectronic reproduction of (manifestation):$aSorabji, Kaikhosru Shapurji, 1892-1988.$tTrois poèmes pour chant et piano.$cLondon : London and Continental Music Publishing Co. Ltd., [1921].$nPublisher's number: K.S.1.
=546  \\$bStaff notation.
=546  \\$aFrench words.
=600  10$aVerlaine, Paul,$d1844-1896$vMusical settings.
=600  10$aBaudelaire, Charles,$d1821-1867$vMusical settings.
=650  \0$aSongs with piano.
=650  \0$aSongs, French.
=700  1\$aVerlaine, Paul,$d1844-1896.
=700  1\$aBaudelaire, Charles,$d1821-1867.
=700  1\$aHopkins, Charles,$c-2007,$etranslator.
=852  41$aBritish Library$bMUSIC$jDigital store
=CAT  \\$a12664$b40$c20111208$lBLL01$h1616
=CAT  \\$a12664$b40$c20111208$lBLL01$h1618
=CAT  \\$a12274$b40$c20130821$lBLL01$h1507
=CAT  \\$a12274$b40$c20140529$lBLL01$h1457
=CAT  \\$aW1711-1225$c20171203$lBLL01$h1046
=FIN  \\$aY$d20130821
=FMT  \\$a  MU
=LAS  \\$aW1711-1225$b00$c20171203$lBLL01$h1046
=STA  \\$aSUPPRESSED$bunable to determine reason for suppression

