=LDR  03107 cm a2200733 i 4500
=001  015988756
=003  Uk
=005  20140612162354.0
=006  m\\\\\\\\u\\||||||
=007  cr\b||||||||||
=008  111208s2010\\\\enkzzz\\o\\\\\\n\\\\zxx\\
=040  \\$aUk$beng$cUk$erda
=042  \\$aukblsr
=082  04$a786.2$223
=100  1\$aSorabji, Kaikhosru Shapurji,$d1892-1988,$ecomposer.
=240  10$aPastiches
=245  10$a3 pastiches for piano :$bon (i) Chopin Waltz op. 64 no. 1 (ii) Bizet's Habanera (Carmen) (iii) Rimsky-Korsakov Hindu merchant's song (Sadko) : 1922 /$cKaikhosru Shapurji Sorabji.
=264  \1$a[Bath] :$b[Sorabji Music Archive],$c[2010]
=300  \\$a1 online resource (1 score (17 pages)) :$bdigital, PDF file
=336  \\$anotated music$2rdacontent
=337  \\$acomputer$2rdamedia
=338  \\$aonline resource$2rdacarrier
=500  \\$aFor piano.
=500  \\$aComposed in 1922.
=500  \\$aReproduced from holograph.
=546  \\$bStaff notation.
=600  10$aSorabji, Kaikhosru Shapurji,$d1892-1988$vManuscripts$vFacsimiles.
=650  \0$aMusic$vManuscripts$vFacsimiles.
=650  \0$aPiano music.
=700  1\$iImitation of:.$aChopin, Frédéric,$d1810-1849.$tWaltzes,$mpiano,$nop. 64.$nNo. 1.
=700  1\$iImitation of:.$aBizet, Georges,$d1838-1875.$tCarmen.$pHabanera.
=700  1\$iImitation of:.$aRimsky-Korsakov, Nikolay,$d1844-1908.$tSadko (Opera).$pPesni︠a︡ indiĭskogo gosti︠a︡.
=852  41$aBritish Library$bMUSIC$jDigital store
=985  \\$a700s done according to 25.1.1.3, but they file in wrong order! What I want is {dollar}i Imitation of: {dollar}a Chopin, Frédéric, {dollar}d1810-1849. {dollar}tWaltzes, [etc.]
=CAT  \\$a12664$b40$c20111208$lBLL01$h1637
=CAT  \\$a12274$b40$c20120629$lBLL01$h1239
=CAT  \\$a12274$b40$c20120703$lBLL01$h1712
=CAT  \\$a12274$b40$c20120703$lBLL01$h1715
=CAT  \\$a12274$b40$c20120703$lBLL01$h1716
=CAT  \\$a12274$b40$c20120703$lBLL01$h1726
=CAT  \\$a12274$b40$c20120703$lBLL01$h1727
=CAT  \\$a12274$b40$c20120703$lBLL01$h1728
=CAT  \\$a12274$b40$c20120703$lBLL01$h1729
=CAT  \\$a12274$b40$c20120703$lBLL01$h1731
=CAT  \\$a12274$b40$c20120705$lBLL01$h1339
=CAT  \\$a12274$b40$c20120926$lBLL01$h1019
=CAT  \\$a12274$b40$c20120926$lBLL01$h1020
=CAT  \\$a12274$b40$c20120926$lBLL01$h1027
=CAT  \\$a12274$b40$c20120926$lBLL01$h1028
=CAT  \\$a12274$b40$c20121002$lBLL01$h1604
=CAT  \\$a11169$b40$c20121008$lBLL01$h1620
=CAT  \\$a12274$b40$c20130422$lBLL01$h1424
=CAT  \\$a12274$b40$c20130425$lBLL01$h1122
=CAT  \\$a12274$b40$c20130614$lBLL01$h1037
=CAT  \\$a11169$b40$c20130909$lBLL01$h1538
=CAT  \\$a11169$b40$c20130910$lBLL01$h1553
=CAT  \\$a11169$b40$c20130910$lBLL01$h1558
=CAT  \\$a12274$b40$c20140612$lBLL01$h1623
=CAT  \\$aBATCH-UPD$b40$c20171113$lBLL01$h2056
=CAT  \\$aW1711-1225$c20171203$lBLL01$h1046
=FIN  \\$aY$d20120622
=FMT  \\$a  MU
=LAS  \\$aW1711-1225$b00$c20171203$lBLL01$h1046
=STA  \\$aSUPPRESSED$bunable to determine reason for suppression

