=LDR  02343 cm a2200601 i 4500
=001  015989176
=003  Uk
=005  20140612160225.0
=006  m\\\\|\\\d\|\\\\\\
=007  cr||||||||||||
=008  111209s2011\\\\enksga\\o\\\\\\n\\\\ita\\
=040  \\$aUk$beng$cUk$erda
=042  \\$aukblsr
=082  04$a783.425$223
=100  1\$aSorabji, Kaikhosru Shapurji,$d1892-1988,$ecomposer.
=245  10$aBenedizione di San Francesco d'Assisi :$b(barytone and organ) : XX. II. MCMLXXIII /$cKaikhosru Shapurji Sorabji.
=246  3\$aSignore ti benedica e ti custodisca
=264  \1$a[Bath] :$b[Sorabji Music Archive],$c[2011]
=300  \\$a1 online resource (1 score (3 unnumbered pages)) :$bPDF
=336  \\$anotated music$2rdacontent
=337  \\$acomputer$2rdamedia
=338  \\$aonline resource$2rdacarrier
=500  \\$aFor voice (Bar) and organ.
=500  \\$a'For my friend Alistair (Alistair Hinton)'.
=500  \\$aReproduced from holograph.
=500  \\$aFirst words: Il Signore ti benedica e ti custodisca.
=500  \\$aWork composed in 1973.
=538  \\$aSystem requirements: Adobe Acrobat Reader.
=546  \\$aItalian words.
=546  \\$bStaff notation.
=600  10$aSorabji, Kaikhosru Shapurji,$d1892-1988$vManuscripts$vFacsimiles.
=600  00$aFrancis,$cof Assisi, Saint,$d1182-1226$vMusical settings.
=650  \0$aSacred songs (Medium voice) with organ.
=650  \0$aMusic$vManuscripts$vFacsimiles.
=700  1\$aHinton, Alistair,$ededicatee.
=700  0\$aFrancis,$cof Assisi, Saint,$d1182-1226.
=852  41$aBritish Library$bMUSIC$jDigital store
=CAT  \\$a12664$b40$c20111209$lBLL01$h1550
=CAT  \\$a12664$b40$c20111209$lBLL01$h1608
=CAT  \\$a11279$b40$c20120621$lBLL01$h1212
=CAT  \\$a12274$b40$c20130320$lBLL01$h1658
=CAT  \\$a12274$b40$c20130320$lBLL01$h1709
=CAT  \\$a12274$b40$c20130320$lBLL01$h1710
=CAT  \\$a12274$b40$c20130422$lBLL01$h1409
=CAT  \\$a12274$b40$c20130422$lBLL01$h1410
=CAT  \\$a12274$b40$c20130425$lBLL01$h1118
=CAT  \\$a12274$b40$c20130614$lBLL01$h1028
=CAT  \\$a12274$b40$c20140612$lBLL01$h1602
=CAT  \\$aW1711-1225$c20171203$lBLL01$h1046
=FIN  \\$aY$d20130320
=FMT  \\$a  MU
=LAS  \\$aW1711-1225$b00$c20171203$lBLL01$h1046
=STA  \\$aSUPPRESSED$bunable to determine reason for suppression

