=LDR  01796 cm a2200493 i 4500
=001  015989195
=003  Uk
=005  20130614102742.0
=006  m\\\\\\\\u\\||||||
=007  cr\|||||||||||
=008  111209s2011\\\\enkzzz\\o\\\\\\n\\\\zxx\\
=040  \\$aUk$beng$cUk$erda
=042  \\$aukblsr
=082  04$a784.2$223
=100  1\$aSorabji, Kaikhosru Shapurji,$d1892-1988,$ecomposer.
=245  10$aChaleur :$bpoème pour orchestre : opus V : partition d'orchestre /$cKaikhosru Sorabji.
=264  \1$a[Bath] :$b[Sorabji Archive],$c[2011]
=300  \\$a1 online resource(1 score (34 pages)) :$bPDF
=336  \\$anotated music$2rdacontent
=337  \\$acomputer$2rdamedia
=338  \\$aonline resource$2rdacarrier
=500  \\$aFor orchestra.
=500  \\$aWork composed in 1916 and 1917.
=500  \\$aReproduced from holograph.
=500  \\$aPDF viewed on 19 April 2013.
=538  \\$aSystem requirements: Adobe Acrobat Reader.
=546  \\$bStaff notation.
=600  10$aSorabji, Kaikhosru Shapurji,$d1892-1988$vManuscripts$vFacsimiles.
=650  \0$aOrchestra music$vScores.
=650  \0$aMusic$vManuscripts$vFacsimiles.
=852  41$aBritish Library$bMUSIC$jDigital store
=CAT  \\$a12664$b40$c20111209$lBLL01$h1607
=CAT  \\$a12664$b40$c20111209$lBLL01$h1608
=CAT  \\$a11279$b40$c20120621$lBLL01$h1215
=CAT  \\$a12274$b40$c20130419$lBLL01$h1724
=CAT  \\$a12274$b40$c20130422$lBLL01$h1305
=CAT  \\$a12274$b40$c20130425$lBLL01$h1118
=CAT  \\$aBATCH-UPD$b40$c20130607$lBLL01$h2145
=CAT  \\$a12274$b40$c20130614$lBLL01$h1027
=CAT  \\$aW1711-1225$c20171203$lBLL01$h1046
=FIN  \\$aY$d20130419
=FMT  \\$a  MU
=LAS  \\$aW1711-1225$b00$c20171203$lBLL01$h1046
=STA  \\$aSUPPRESSED$bunable to determine reason for suppression

