=LDR  01624 cm a2200445 i 4500
=001  015989208
=003  Uk
=005  20140612160216.0
=006  m\\\\\\\\u\\||||||
=007  cr\|||||||||||
=008  111209s2011\\\\enkzzl\\o\\\\\\n\\\\zxx\\
=040  \\$aUk$beng$cUk$erda
=042  \\$aukblsr
=082  04$a786.2$223
=100  1\$aSorabji, Kaikhosru Shapurji,$d1892-1988,$ecomposer.
=245  10$aOpus clavicembalisticum :$bfor piano : MCMXXX /$cKaikhosru Shapurji Sorabji.
=264  \1$a[Bath, England] :$b[Sorabji Music Archive],$c[2011].
=300  \\$a1 online resource (1 score (260 pages)) :$bPDF
=336  \\$anotated music$2rdacontent
=337  \\$acomputer$2rdamedia
=338  \\$aonline resource$2rdacarrier
=500  \\$aReproduced from holograph.
=546  \\$bStaff notation.
=600  10$aSorabji, Kaikhosru Shapurji,$d1892-1988$vManuscripts$vFacsimiles.
=650  \0$aPiano with orchestra$vParts (solo)
=650  \0$aConcertos (Piano)$vParts (solo)
=650  \0$aMusic$vManuscripts$vFacsimiles.
=852  41$aBritish Library$bMUSIC$jDigital store
=CAT  \\$a12664$b40$c20111209$lBLL01$h1637
=CAT  \\$a12664$b40$c20111209$lBLL01$h1640
=CAT  \\$a11279$b40$c20120621$lBLL01$h1210
=CAT  \\$a12274$b40$c20130709$lBLL01$h1604
=CAT  \\$a12274$b40$c20130709$lBLL01$h1627
=CAT  \\$a12274$b40$c20130709$lBLL01$h1658
=CAT  \\$a12274$b40$c20140612$lBLL01$h1602
=CAT  \\$aW1711-1225$c20171203$lBLL01$h1046
=FIN  \\$aY$d20130709
=FMT  \\$a  MU
=LAS  \\$aW1711-1225$b00$c20171203$lBLL01$h1046
=STA  \\$aSUPPRESSED$bunable to determine reason for suppression

