=LDR  01626 cm a2200433 i 4500
=001  015993525
=003  Uk
=005  20140529145538.0
=006  m\\\\\\\\u\\||||||
=007  cr\|||||||||||
=008  111216t20111927enkzzz\|o||||||n\\|\zxx\\
=040  \\$aUk$beng$cUk$erda
=042  \\$aukblsr
=082  04$a786.2$223
=100  1\$aSorabji, Kaikhosru Shapurji,$d1892-1988,$ecomposer.
=245  13$aLe jardin parfumé :$bpoem for piano /$cKaikhusru Sorabji.
=264  \1$a[Bath, England] :$b[Sorabji Music Archive],$c[2011]
=264  \4$c©1927
=300  \\$a1 online resource (1 score (36 pages))
=336  \\$anotated music$2rdacontent
=337  \\$acomputer$2rdamedia
=338  \\$aonline resource$2rdacarrier
=347  \\$aPDF$2rda
=500  \\$aDedicated to Christopher à Becket Williams.
=534  \\$pElectronic reproduction of (manifestation):$aSorabji, Kaikhosru Shapurji, 1892-1988.$tJardin parfumé : poem for piano.$cLondon : J. Curwen and Sons, 1927.$nPublisher's number: KS 14.
=546  \\$bStaff notation.
=650  \0$aPiano music.
=700  1\$aWilliams, Becket,$d1890-1956,$ededicatee.
=852  41$aBritish Library$bMUSIC$jDigital store
=CAT  \\$a12664$b40$c20111216$lBLL01$h1159
=CAT  \\$a12664$b40$c20111216$lBLL01$h1321
=CAT  \\$a12664$b40$c20111216$lBLL01$h1331
=CAT  \\$a12274$b40$c20130620$lBLL01$h1530
=CAT  \\$a12274$b40$c20140529$lBLL01$h1455
=CAT  \\$aW1711-1225$c20171203$lBLL01$h1046
=FIN  \\$aY$d20130620
=FMT  \\$a  MU
=LAS  \\$aW1711-1225$b00$c20171203$lBLL01$h1046
=STA  \\$aSUPPRESSED$bunable to determine reason for suppression

