=LDR  01697 cm a2200445 i 4500
=001  015993571
=003  Uk
=005  20140529142858.0
=006  m\\\\\\\\u\\||||||
=007  cr\|||||||||||
=008  111216s2011\\\\enkzzl\\o||||||n\\|\zxx\\
=040  \\$aUk$beng$cUk$erda
=042  \\$aukblsr
=082  04$a786.2$223
=100  1\$aSorabji, Kaikhosru Shapurji,$d1892-1988,$ecomposer.
=245  10$aOpus secretum /$cKaikhosru Shapurji Sorabji.
=264  \1$a[Bath, England] :$b[Sorabji Music Archive],$c[2011]
=300  \\$a1 online resource (1 score (48 pages))
=336  \\$anotated music$2rdacontent
=337  \\$acomputer$2rdamedia
=338  \\$aonline resource$2rdacarrier
=347  \\$aPDF$2rda
=500  \\$aFor piano.
=500  \\$aWork composed 1980-1981.
=500  \\$aPDF reproduction of a photocopy of the autograph manuscript.
=500  \\$a"The autograph ms. of this work disappeared subsequent to its first copying. This copy is, as a consequence, a third generation photocopy, hence its poor quality. (A.H.)"--note on page 1.
=546  \\$bStaff notation.
=600  10$aSorabji, Kaikhosru Shapurji,$d1892-1988$vManuscripts$vFacsimiles.
=650  \0$aPiano music.
=650  \0$aMusic$vManuscripts$vFacsimiles.
=852  41$aBritish Library$bMUSIC$jDigital store
=CAT  \\$a12664$b40$c20111216$lBLL01$h1323
=CAT  \\$a12664$b40$c20111216$lBLL01$h1330
=CAT  \\$a12274$b40$c20130710$lBLL01$h1617
=CAT  \\$a12274$b40$c20140529$lBLL01$h1428
=CAT  \\$aW1711-1225$c20171203$lBLL01$h1046
=FIN  \\$aY$d20130710
=FMT  \\$a  MU
=LAS  \\$aW1711-1225$b00$c20171203$lBLL01$h1046
=STA  \\$aSUPPRESSED$bunable to determine reason for suppression

