=LDR  01653 cm a2200457 i 4500
=001  015993583
=003  Uk
=005  20130711144109.0
=006  m\\\\\\\\u\\||||||
=007  cr\|||||||||||
=008  111216s2011\\\\enkzzl\|o||||||n\\|\zxx\\
=040  \\$aUk$beng$cUk$erda
=042  \\$aukblsr
=082  04$a786.2$223
=100  1\$aSorabji, Kaikhosru Shapurji,$d1892-1988,$ecomposer.
=240  10$aPasseggiata variata
=245  10$aPasseggiata variata sul nome del caro e gentile giovane amico Clive Spencer-Bentley /$cKaikhusru Shapurji Sorabji.
=264  \1$a[Bath, England] :$b[Sorabji Music Archive],$c[2011]
=300  \\$a1 online resource (1 score (3 pages)) :$bPDF
=336  \\$anotated music$2rdacontent
=337  \\$acomputer$2rdamedia
=338  \\$aonline resource$2rdacarrier
=500  \\$aFor piano.
=500  \\$aWork composed 1981.
=500  \\$aTitle from PDF caption title.
=500  \\$aPDF viewed on 11 July 2013.
=500  \\$aReproduced from holograph.
=546  \\$bStaff notation.
=600  10$aSorabji, Kaikhosru Shapurji,$d1892-1988$vManuscripts$vFacsimiles.
=650  \0$aPiano music.
=650  \0$aMusic$vManuscripts$vFacsimiles.
=700  1\$aSpencer-Bentley, Clive,$ededicatee.
=852  41$aBritish Library$bMUSIC$jDigital store
=985  \\$ahttp://www.mus.ulaval.ca/roberge/srs/02-biogr.htm#S
=CAT  \\$a12664$b40$c20111216$lBLL01$h1344
=CAT  \\$a12274$b40$c20130711$lBLL01$h1441
=CAT  \\$aW1711-1225$c20171203$lBLL01$h1046
=FIN  \\$aY$d20130711
=FMT  \\$a  MU
=LAS  \\$aW1711-1225$b00$c20171203$lBLL01$h1046
=STA  \\$aSUPPRESSED$bunable to determine reason for suppression

