=LDR  01594 cm a2200433 i 4500
=001  015993695
=003  Uk
=005  20140612160201.0
=006  m\\\\\\\\u\\||||||
=007  cr\|||||||||||
=008  111216s2011\\\\enkzza\|o||||||n\\|\zxx\\
=040  \\$aUk$beng$cUk$erda
=042  \\$aukblsr
=082  04$a785.44195$223
=100  1\$aSorabji, Kaikhosru Shapurji,$d1892-1988,$ecomposer.
=245  13$aIl tessuto d'arabeschi :$bflauto a 4r d'archi /$cKaikhosru Shapurji Sorabji.
=264  \1$a[Bath, England] :$b[Sorabji Archive],$c[2011]
=300  \\$a1 online resource (1 score (32 pages)) :$bPDF
=336  \\$anotated music$2rdacontent
=337  \\$acomputer$2rdamedia
=338  \\$aonline resource$2rdacarrier
=500  \\$a"To the memory of Delius"--caption.
=500  \\$aReproduced from holograph.
=500  \\$aHolograph dated 1979.
=546  \\$bStaff notation.
=600  10$aSorabji, Kaikhosru Shapurji,$d1892-1988$vManuscripts$vFacsimiles.
=650  \0$aQuintets (Flute, violins (2), viola, cello)$vScores.
=650  \0$aMusic$vManuscripts$vFacsimiles.
=700  1\$aDelius, Frederick,$d1862-1934,$ededicatee.
=852  41$aBritish Library$bMUSIC$jDigital store
=CAT  \\$a12664$b40$c20111216$lBLL01$h1631
=CAT  \\$a12664$b40$c20111216$lBLL01$h1632
=CAT  \\$a12274$b40$c20130619$lBLL01$h1211
=CAT  \\$a12274$b40$c20140612$lBLL01$h1602
=CAT  \\$aW1711-1225$c20171203$lBLL01$h1046
=FIN  \\$aY$d20130619
=FMT  \\$a  MU
=LAS  \\$aW1711-1225$b00$c20171203$lBLL01$h1046
=STA  \\$aSUPPRESSED$bunable to determine reason for suppression

