=LDR  01951 cm a2200469 i 4500
=001  015993708
=003  Uk
=005  20140612155629.0
=006  m\\\\\\\\u\\||||||
=007  cr\|||||||||||
=008  111216s2011\\\\enkzzl\|o||||||n\\|\zxx\\
=040  \\$aUk$beng$cUk$erda
=042  \\$aukblsr
=082  04$a786.2$223
=100  1\$aBach, Johann Sebastian,$d1685-1750,$ecomposer.
=240  10$aHarpsichord music.$kSelections;$oarranged
=245  10$aTranscription in the light of harpsichord technique for the modern piano of the Chromatic fantasia of J.S. Bach, followed by a fugue :$b(1940) : piano solo /$cKaikhosru Shapurji Sorabji.
=264  \1$a[Bath] :$b[Sorabji Archive],$c[2011]
=300  \\$a1 online resource (1 score (15 pages)) :$bPDF
=336  \\$anotated music$2rdacontent
=337  \\$acomputer$2rdamedia
=338  \\$aonline resource$2rdacarrier
=500  \\$aFor piano.
=500  \\$aReproduced from holograph.
=505  0\$aChromatic fantasia [BWV 903a] -- Fuga a 3 voci [BWV 948].
=546  \\$bStaff notation.
=600  10$aSorabji, Kaikhosru Shapurji,$d1892-1988$vManuscripts$vFacsimiles.
=650  \0$aPiano music, Arranged.
=650  \0$aCanons, fugues, etc. (Piano)
=700  1\$aSorabji, Kaikhosru Shapurji,$d1892-1988,$earranger of music.
=700  12$aBach, Johann Sebastian,$d1685-1750.$tChromatische Fantasie und Fuge.$pFantasia;$oarranged.
=700  12$aBach, Johann Sebastian,$d1685-1750.$tFugues,$mharpsichord,$nBWV 948,$rD minor;$oarranged.
=852  41$aBritish Library$bMUSIC$jDigital store
=CAT  \\$a12664$b40$c20111216$lBLL01$h1706
=CAT  \\$a12274$b40$c20130821$lBLL01$h1107
=CAT  \\$a12274$b40$c20130821$lBLL01$h1108
=CAT  \\$a12274$b40$c20140612$lBLL01$h1556
=CAT  \\$aW1711-1225$c20171203$lBLL01$h1046
=FIN  \\$aY$d20130821
=FMT  \\$a  MU
=LAS  \\$aW1711-1225$b00$c20171203$lBLL01$h1046
=STA  \\$aSUPPRESSED$bunable to determine reason for suppression

