=LDR  01577 cm a2200433 i 4500
=001  016002745
=003  Uk
=005  20140612160130.0
=006  m\\\\\\\\u\\||||||
=007  cr\|||||||||||
=008  120106s2011\\\\enktcl\|o||||||n\\|\zxx\\
=FMT  \\$a  MU
=040  \\$aUk$beng$cUk$erda
=042  \\$aukblsr
=082  04$a786.218947$223
=100  1\$aSorabji, Kaikhosru Shapurji,$d1892-1988,$ecomposer.
=240  10$aToccatas,$mpiano,$nno. 1
=245  10$aToccata for piano :$bMCMXXVIII /$cKaikhosru Sorabji ; [typeset and edited by Richard Younger].
=264  \1$a[Bath, England] :$b[Sorabji Music Archive],$c[2011]
=300  \\$a1 online resource (1 score (85 pages)) :$bPDF
=336  \\$anotated music$2rdacontent
=337  \\$acomputer$2rdamedia
=338  \\$aonline resource$2rdacarrier
=500  \\$aWork composed 1928.
=546  \\$bStaff notation.
=505  0\$aI. Preludio - corale -- II. Passacaglia -- III. Cadenza figurale -- IV. Fuga -- V. Coda - Stretta.
=650  \0$aToccatas.
=650  \0$aPiano music.
=700  1\$aYounger, Richard$c(Musician),$eeditor.
=852  41$aBritish Library$bMUSIC$jDigital store
=CAT  \\$a12664$b40$c20120106$lBLL01$h0943
=CAT  \\$a12274$b40$c20130820$lBLL01$h1714
=CAT  \\$a12274$b40$c20130821$lBLL01$h0926
=CAT  \\$a11306$b40$c20130917$lBLL01$h1606
=CAT  \\$a12274$b40$c20140612$lBLL01$h1601
=CAT  \\$aW1711-1225$c20171203$lBLL01$h1046
=FIN  \\$aY$d20130820
=STA  \\$aSUPPRESSED$bunable to determine reason for suppression
=LAS  \\$aW1711-1225$b00$c20171203$lBLL01$h1046

