=LDR  02253 cm a2200565 i 4500
=001  016002752
=003  Uk
=005  20130614103040.0
=006  m\\\\\\\\u\\||||||
=007  cr||||||||||||
=008  120106s2011\\\\enkzzz\\o\\\\\\n\\\\zxx\\
=FMT  \\$a  MU
=040  \\$aUk$beng$cUk$erda
=042  \\$aukblsr
=082  04$a786.2$223
=100  1\$aSorabji, Kaikhosru Shapurji,$d1892-1988,$ecomposer.
=240  10$aFrammenti aforistici$n(1977)
=245  10$aFrammenti aforistichi /$c[Kaikhosru Shapurji Sorabji].
=264  \1$a[Bath] :$b[Sorabji Music Archive],$c[2011].
=300  \\$a1 online resource (1 score (1 unnumbered page)) :$bPDF
=336  \\$anotated music$2rdacontent
=337  \\$acomputer$2rdamedia
=338  \\$aonline resource$2rdacarrier
=500  \\$aTitle from PDF caption title.
=500  \\$aPDF viewed on 21 September 2012.
=500  \\$aReproduced from holograph.
=500  \\$aComposer's dedication "To dear Alistair [Alistair Hinton] from K with love".
=538  \\$aSystem requirements: Adobe Acrobat Reader.
=546  \\$bStaff notation.
=600  10$aSorabji, Kaikhosru Shapurji,$d1892-1988$vManuscripts$vFacsimiles.
=650  \0$aMusic$vManuscripts$vFacsimiles.
=650  \0$aPiano music.
=700  1\$aHinton, Alistair,$ededicatee.
=852  41$aBritish Library$bMUSIC$jDigital store
=985  \\$a'Viewed on' note (2.20.13.5) and title source note (2.20.2.3) - as these are 2 separate instructions, I have split the information into 2 separate notes - is this correct?
=CAT  \\$a12664$b40$c20120106$lBLL01$h0953
=CAT  \\$a12274$b40$c20120914$lBLL01$h1726
=CAT  \\$a12274$b40$c20120914$lBLL01$h1733
=CAT  \\$a12274$b40$c20120921$lBLL01$h1202
=CAT  \\$a12274$b40$c20120921$lBLL01$h1220
=CAT  \\$a12274$b40$c20120921$lBLL01$h1224
=CAT  \\$a12274$b40$c20120921$lBLL01$h1233
=CAT  \\$a12274$b40$c20120928$lBLL01$h1346
=CAT  \\$a12274$b40$c20130422$lBLL01$h1429
=CAT  \\$a12274$b40$c20130425$lBLL01$h1119
=CAT  \\$a12274$b40$c20130614$lBLL01$h1030
=CAT  \\$aW1711-1225$c20171203$lBLL01$h1046
=FIN  \\$aY$d20120921
=STA  \\$aSUPPRESSED$bunable to determine reason for suppression
=LAS  \\$aW1711-1225$b00$c20171203$lBLL01$h1046

