=LDR  01713 cm a2200469 i 4500
=001  016002776
=003  Uk
=005  20140529145304.0
=006  m\\\\\\\\u\\||||||
=007  cr\|||||||||||
=008  120106s2011\\\\enkcoz\|o||||||n\\|\zxx\\
=FMT  \\$a  MU
=040  \\$aUk$beng$cUk$erda
=042  \\$aukblsr
=082  04$a786.2186$223
=100  1\$aSorabji, Kaikhosru Shapurji,$d1892-1988,$ecomposer.
=240  10$aConcerto da suonare da me solo e senza orchestra
=245  10$aConcerto per suonare da me solo :$bMCMXLVI /$cKaikhosru Shapurji Sorabji.
=264  \1$a[Bath] :$b[Sorabji Music Archive],$c[2011]
=300  \\$a1 online resource (1 score (70 pages))
=336  \\$anotated music$2rdacontent
=337  \\$acomputer$2rdamedia
=338  \\$aonline resource$2rdacarrier
=347  \\$aPDF$2rda
=500  \\$aCaption title: Concerto per suonare da me solo: e senza orchestra; per divertirsi.
=500  \\$aReproduction of holograph.
=538  \\$aSystem requirements: Adobe Acrobat Reader.
=546  \\$bStaff notation.
=600  10$aSorabji, Kaikhosru Shapurji,$d1892-1988$vManuscripts$vFacsimiles.
=650  \0$aConcertos.
=650  \0$aPiano music.
=650  \0$aMusic$vManuscripts$vFacsimiles.
=852  41$aBritish Library$bMUSIC$jDigital store
=CAT  \\$a12664$b40$c20120106$lBLL01$h1051
=CAT  \\$a12664$b40$c20120106$lBLL01$h1052
=CAT  \\$a12664$b40$c20120106$lBLL01$h1129
=CAT  \\$a12274$b40$c20130618$lBLL01$h1012
=CAT  \\$a12274$b40$c20140529$lBLL01$h1453
=CAT  \\$aW1711-1225$c20171203$lBLL01$h1046
=FIN  \\$aY$d20130618
=STA  \\$aSUPPRESSED$bunable to determine reason for suppression
=LAS  \\$aW1711-1225$b00$c20171203$lBLL01$h1046

