=LDR  01681 cm a2200457 i 4500
=001  016002788
=003  Uk
=005  20131001124342.0
=006  m\\\\\\\\u\\||||||
=007  cr\|||||||||||
=008  120106s2011\\\\enkzzz\|o||||||n\\|\zxx\\
=FMT  \\$a  MU
=040  \\$aUk$beng$cUk$erda
=042  \\$aukblsr
=082  04$a786.21872$223
=100  1\$aSorabji, Kaikhosru Shapurji,$d1892-1988,$ecomposer.
=245  10$aFragment :$bprelude and fugue on FxAxx DAxEx /$cKaikhosru Sorabji.
=264  \1$a[Bath, England] :$b[Sorabji Music Archive],$c[2011]
=300  \\$a1 online resource (1 score (2 pages)) :$bPDF
=336  \\$anotated music$2rdacontent
=337  \\$acomputer$2rdamedia
=338  \\$aonline resource$2rdacarrier
=500  \\$aWork composed 1926.
=546  \\$bStaff notation.
=500  \\$aDedicated to Frank Davey.
=500  \\$aTitle from PDF caption title.
=500  \\$aPDF viewed on 18 June 2013.
=538  \\$aSystem requirements: Adobe Acrobat Reader.
=650  \0$aCanons, fugues, etc. (Piano)
=700  1\$aDavey, Frank G.,$ededicatee.
=852  41$aBritish Library$bMUSIC$jDigital store
=985  \\$aBiog. notes on Frank Davey at Sorabji resource site, http://www.mus.ulaval.ca/roberge/srs/02-biogr.htm
=CAT  \\$a12664$b40$c20120106$lBLL01$h1103
=CAT  \\$a12664$b40$c20120106$lBLL01$h1129
=CAT  \\$a12274$b40$c20130618$lBLL01$h1510
=CAT  \\$a12274$b40$c20130618$lBLL01$h1511
=CAT  \\$a10743$b40$c20131001$lBLL01$h1243
=CAT  \\$aW1711-1225$c20171203$lBLL01$h1046
=FIN  \\$aY$d20130618
=STA  \\$aSUPPRESSED$bunable to determine reason for suppression
=LAS  \\$aW1711-1225$b00$c20171203$lBLL01$h1046

