=LDR  01784 cm a2200469 i 4500
=001  016002854
=003  Uk
=005  20140529145014.0
=006  m\\\\\\\\u\\||||||
=007  cr\|||||||||||
=008  120106s2011\\\\enkcoc\|o||||||n\\|\zxx\\
=FMT  \\$a  MU
=040  \\$aUk$beng$cUk$erda
=042  \\$aukblsr
=082  04$a785.62192186$223
=100  1\$aSorabji, Kaikhosru Shapurji,$d1892-1988,$ecomposer.
=240  10$aConcertos,$mpiano, orchestra,$nno. 2, op. 10;$oarranged
=245  10$aConcerto II pour piano et grand orchestre, opus X :$bréduction pour deux pianos à quatre mains /$cKaikhusru Sorabji.
=264  \1$a[Bath, England] :$b[Sorabji Music Archive],$c[2011]
=300  \\$a1 online resource (1 score (49 pages))
=336  \\$anotated music$2rdacontent
=337  \\$acomputer$2rdamedia
=338  \\$aonline resource$2rdacarrier
=347  \\$aPDF$2rda
=500  \\$aAccompaniment arranged for piano.
=500  \\$aReproduction of composer's manuscript.
=538  \\$aSystem requirements: Adobe Acrobat Reader.
=500  \\$aManuscript dated 1917.
=500  \\$aIncludes programme note by the composer.
=546  \\$bStaff notation.
=500  \\$aDuration: approximately 25 min.
=600  10$aSorabji, Kaikhosru Shapurji,$d1892-1988$vManuscripts$vFacsimiles.
=650  \0$aConcertos (Piano)$v2-piano scores.
=650  \0$aMusic$vManuscripts$vFacsimiles.
=852  41$aBritish Library$bMUSIC$jDigital store
=CAT  \\$a12664$b40$c20120106$lBLL01$h1201
=CAT  \\$a12274$b40$c20130617$lBLL01$h1414
=CAT  \\$a12274$b40$c20140529$lBLL01$h1450
=CAT  \\$aW1711-1225$c20171203$lBLL01$h1046
=FIN  \\$aY$d20130617
=STA  \\$aSUPPRESSED$bunable to determine reason for suppression
=LAS  \\$aW1711-1225$b00$c20171203$lBLL01$h1046

