=LDR  01402 cm a2200409 i 4500
=001  016002887
=003  Uk
=005  20140612160118.0
=006  m\\\\\\\\u\\||||||
=007  cr\|||||||||||
=008  120106s2011\\\\enkzzl\|o||||||n\\|\zxx\\
=FMT  \\$a  MU
=040  \\$aUk$beng$cUk$erda
=042  \\$aukblsr
=082  04$a785.28195$223
=100  1\$aSorabji, Kaikhosru Shapurji,$d1892-1988,$ecomposer.
=240  10$aQuintets,$mpiano, strings,$nno. 1
=245  10$aQuintet /$cKaikhosru Sorabji.
=264  \1$a[Bath, England] :$b[Sorabji Music Archive],$c[2011]
=300  \\$a1 online resource (1 score (144 pages)) :$bPDF
=336  \\$anotated music$2rdacontent
=337  \\$acomputer$2rdamedia
=338  \\$aonline resource$2rdacarrier
=500  \\$aWork for piano, violins (2), viola and cello.
=500  \\$aWork composed 1920.
=546  \\$bStaff notation.
=500  \\$aReproduced from copyist's manuscript.
=650  \0$aPiano quintets$vScores.
=650  \0$aMusic$vManuscripts$vFacsimiles.
=852  41$aBritish Library$bMUSIC$jDigital store
=CAT  \\$a12664$b40$c20120106$lBLL01$h1330
=CAT  \\$a12274$b40$c20130814$lBLL01$h1649
=CAT  \\$a12274$b40$c20140612$lBLL01$h1601
=CAT  \\$aW1711-1225$c20171203$lBLL01$h1046
=FIN  \\$aY$d20130814
=STA  \\$aSUPPRESSED$bunable to determine reason for suppression
=LAS  \\$aW1711-1225$b00$c20171203$lBLL01$h1046

