=LDR  01684 cm a2200445 i 4500
=001  016002908
=003  Uk
=005  20130815154650.0
=006  m\\\\\\\\u\\||||||
=007  cr\|||||||||||
=008  120106s2011\\\\enkzzl\|o||||||n\\|\zxx\\
=FMT  \\$a  MU
=040  \\$aUk$beng$cUk$erda
=042  \\$aukblsr
=082  04$a785.28195$223
=100  1\$aSorabji, Kaikhosru Shapurji,$d1892-1988,$ecomposer.
=240  10$aQuintets,$mpiano, strings,$nno. 2
=245  10$aSecond quintet for piano and string quartet :$bMCMXXXIII /$cKaikhosru Shapurji Sorabji.
=264  \1$a[Bath, England] :$b[Sorabji Music Archive],$c[2011]
=300  \\$a1 online resource (1 score (432 pages)) :$bPDF
=336  \\$anotated music$2rdacontent
=337  \\$acomputer$2rdamedia
=338  \\$aonline resource$2rdacarrier
=500  \\$a"To my friend Professor Denis Saurat in profound and respectful admiration and homage. MCMXXXII."
=500  \\$aFor piano, violins (2), viola and cello.
=500  \\$aWork composed 1932.
=546  \\$bStaff notation.
=500  \\$aReproduced from holograph.
=500  \\$aTitle from PDF image of cover.
=500  \\$aPDF viewed on 15 August 2013.
=600  10$aSorabji, Kaikhosru Shapurji,$d1892-1988$vManuscripts$vFacsimiles.
=650  \0$aPiano quintets$vScores.
=650  \0$aMusic$vManuscripts$vFacsimiles.
=852  41$aBritish Library$bMUSIC$jDigital store
=CAT  \\$a12664$b40$c20120106$lBLL01$h1410
=CAT  \\$a12274$b40$c20130815$lBLL01$h1546
=CAT  \\$aW1711-1225$c20171203$lBLL01$h1046
=FIN  \\$aY$d20130815
=STA  \\$aSUPPRESSED$bunable to determine reason for suppression
=LAS  \\$aW1711-1225$b00$c20171203$lBLL01$h1046

