=LDR  01397 cm a2200409 i 4500
=001  016002915
=003  Uk
=005  20140612160111.0
=006  m\\\\\\\\u\\||||||
=007  cr\|||||||||||
=008  120106s2011\\\\enksnl\|o||||||n\\|\zxx\\
=FMT  \\$a  MU
=040  \\$aUk$beng$cUk$erda
=042  \\$aukblsr
=082  04$a786.2183$223
=100  1\$aSorabji, Kaikhosru Shapurji,$d1892-1988,$ecomposer.
=240  10$aSonatas,$mpiano,$nno. 1
=245  10$aSonata, piano /$cKaikhosru Sorabji.
=264  \1$a[Bath, England] :$b[Sorabji Music Archive],$c[2011]
=300  \\$a1 online resource (1 score (42 pages)) :$bPDF
=336  \\$anotated music$2rdacontent
=337  \\$acomputer$2rdamedia
=338  \\$aonline resource$2rdacarrier
=500  \\$aWork composed 1919.
=546  \\$bStaff notation.
=500  \\$aReproduced from holograph.
=600  10$aSorabji, Kaikhosru Shapurji,$d1892-1988$vManuscripts$vFacsimiles.
=650  \0$aSonatas (Piano)
=650  \0$aMusic$vManuscripts$vFacsimiles.
=852  41$aBritish Library$bMUSIC$jDigital store
=CAT  \\$a12664$b40$c20120106$lBLL01$h1426
=CAT  \\$a12274$b40$c20130816$lBLL01$h1158
=CAT  \\$a12274$b40$c20140612$lBLL01$h1601
=CAT  \\$aW1711-1225$c20171203$lBLL01$h1046
=FIN  \\$aY$d20130816
=STA  \\$aSUPPRESSED$bunable to determine reason for suppression
=LAS  \\$aW1711-1225$b00$c20171203$lBLL01$h1046

