=LDR  01611 cm a2200433 i 4500
=001  016012561
=003  Uk
=005  20140612155752.0
=006  m\\\\\\\\u\\||||||
=007  cr\|||||||||||
=008  120120s2011\\\\enkzzl\|o||||||n\\|\zxx\\
=FMT  \\$a  MU
=040  \\$aUk$beng$cUk$erda
=042  \\$aukblsr
=082  04$a786.2$223
=100  1\$aRavel, Maurice,$d1875-1937,$ecomposer.
=240  10$aRapsodie espagnole;$oarranged
=245  10$aRapsodie espagnole /$cMaurice Ravel ; transcription de concert pour piano par Kaikhosru Shapurji Sorabji.
=264  \1$a[Bath, England] :$b[Sorabji Music Archive],$c[2011]
=300  \\$a1 online resource (1 score (26 pages)) :$bPDF
=336  \\$anotated music$2rdacontent
=337  \\$acomputer$2rdamedia
=338  \\$aonline resource$2rdacarrier
=500  \\$aArranged for piano; originally for orchestra.
=500  \\$aDate of transcription 1945.
=546  \\$bStaff notation.
=500  \\$aReproduced from holograph.
=600  10$aSorabji, Kaikhosru Shapurji,$d1892-1988$vManuscripts$vFacsimiles.
=650  \0$aPiano music, Arranged.
=650  \0$aMusic$vManuscripts$vFacsimiles.
=700  1\$aSorabji, Kaikhosru Shapurji,$d1892-1988,$earranger of music.
=852  41$aBritish Library$bMUSIC$jDigital store
=CAT  \\$a12664$b40$c20120120$lBLL01$h1603
=CAT  \\$a12274$b40$c20130814$lBLL01$h1800
=CAT  \\$a12274$b40$c20140612$lBLL01$h1557
=CAT  \\$aW1711-1225$c20171203$lBLL01$h1046
=FIN  \\$aY$d20130814
=STA  \\$aSUPPRESSED$bunable to determine reason for suppression
=LAS  \\$aW1711-1225$b00$c20171203$lBLL01$h1046

