=LDR  01652 cm a2200433 i 4500
=001  016012568
=003  Uk
=005  20140612160022.0
=006  m\\\\\\\\u\\||||||
=007  cr\|||||||||||
=008  120120s2011\\\\enksyl\|o||||||n\\|\zxx\\
=FMT  \\$a  MU
=040  \\$aUk$beng$cUk$erda
=042  \\$aukblsr
=082  04$a786.2184$223
=100  1\$aSorabji, Kaikhosru Shapurji,$d1892-1988,$ecomposer.
=240  10$aSymphonies,$nno. 2
=245  10$aSymphony II for piano, large orchestra : organ : final chorus and six solo voices :$bMCMXXXI /$cKaikhosru Sorabji.
=264  \1$a[Bath, England] :$b[Sorabji Music Archive],$c[2011]
=300  \\$a1 online resource (1 score (333 pages)) :$bPDF
=336  \\$anotated music$2rdacontent
=337  \\$acomputer$2rdamedia
=338  \\$aonline resource$2rdacarrier
=500  \\$aFor piano. "Piano part only composed of work for piano, organ, voices and orchestra"--Grove Music Online.
=546  \\$bStaff notation.
=500  \\$aReproduced from holograph.
=600  10$aSorabji, Kaikhosru Shapurji,$d1892-1988$vManuscripts$vFacsimiles.
=650  \0$aSymphonies.
=650  \0$aMusic$vManuscripts$vFacsimiles.
=852  41$aBritish Library$bMUSIC$jDigital store
=CAT  \\$a12664$b40$c20120120$lBLL01$h1623
=CAT  \\$a12664$b40$c20120120$lBLL01$h1625
=CAT  \\$a11279$b40$c20120621$lBLL01$h1211
=CAT  \\$a12274$b40$c20130820$lBLL01$h0955
=CAT  \\$a12274$b40$c20140612$lBLL01$h1600
=CAT  \\$aW1711-1225$c20171203$lBLL01$h1046
=FIN  \\$aY$d20130820
=STA  \\$aSUPPRESSED$bunable to determine reason for suppression
=LAS  \\$aW1711-1225$b00$c20171203$lBLL01$h1046

