=LDR  01549 cm a2200433 i 4500
=001  016012572
=003  Uk
=005  20140612155655.0
=006  m\\\\\\\\u\\||||||
=007  cr\|||||||||||
=008  120120s2011\\\\enkprl\|o||||||n\\|\zxx\\
=FMT  \\$a  MU
=040  \\$aUk$beng$cUk$erda
=042  \\$aukblsr
=082  04$a786.21858$223
=100  1\$aBach, Johann Sebastian,$d1685-1750,$ecomposer.
=240  10$aFranzösische Suiten.$nNr. 4.$pPrelude;$oarranged
=245  10$aPrelude /$cJ.S. Bach ; K.S. Sorabji.
=264  \1$a[Bath] :$b[Sorabji Music Archive],$c[2011]
=300  \\$a1 online resource (1 score (12 pages)) :$bPDF
=336  \\$anotated music$2rdacontent
=337  \\$acomputer$2rdamedia
=338  \\$aonline resource$2rdacarrier
=500  \\$aFor piano.
=546  \\$bStaff notation.
=500  \\$aReproduced from holograph.
=600  10$aSorabji, Kaikhosru Shapurji,$d1892-1988$vManuscripts$vFacsimiles.
=650  \0$aSuites (Piano)$vExcerpts, Arranged.
=650  \0$aMusic$vManuscripts$vFacsimiles.
=700  1\$aSorabji, Kaikhosru Shapurji,$d1892-1988,$earranger of music.
=852  41$aBritish Library$bMUSIC$jDigital store
=CAT  \\$a12664$b40$c20120120$lBLL01$h1631
=CAT  \\$a11279$b40$c20120621$lBLL01$h1208
=CAT  \\$a12274$b40$c20130814$lBLL01$h1517
=CAT  \\$a12274$b40$c20140612$lBLL01$h1556
=CAT  \\$aW1711-1225$c20171203$lBLL01$h1046
=FIN  \\$aY$d20130814
=STA  \\$aSUPPRESSED$bunable to determine reason for suppression
=LAS  \\$aW1711-1225$b00$c20171203$lBLL01$h1046

