=LDR  01580 cm a2200433 i 4500
=001  016017219
=003  Uk
=005  20130820133703.0
=006  m\\\\\\\\u\\||||||
=007  cr\|||||||||||
=008  120126s2011\\\\enksyl\|o||||||n\\|\zxx\\
=FMT  \\$a  MU
=040  \\$aUk$beng$cUk$erda
=042  \\$aukblsr
=082  04$a782.5184$223
=100  1\$aSorabji, Kaikhosru Shapurji,$d1892-1988,$ecomposer.
=240  10$aSymphonies,$nno. 3.$kSelections
=245  10$a[Symphony (Jāmī)].$p[1st and 2nd movements] /$c[Kaikhosru Sorabji].
=264  \1$a[Bath, England] :$b[Sorabji Music Archive],$c[2011]
=300  \\$a1 online resource (1 score (364 pages)) :$bPDF
=336  \\$anotated music$2rdacontent
=337  \\$acomputer$2rdamedia
=338  \\$aonline resource$2rdacarrier
=500  \\$aFor large orchestra, wordless chorus and baritone solo.
=546  \\$bStaff notation.
=500  \\$aReproduced from holograph.
=600  10$aSorabji, Kaikhosru Shapurji,$d1892-1988$vManuscripts$vFacsimiles.
=650  \0$aSymphonies$vScores.
=650  \0$aMusic$vManuscripts$vFacsimiles.
=852  41$aBritish Library$bMUSIC$jDigital store
=CAT  \\$a12664$b40$c20120126$lBLL01$h1559
=CAT  \\$a12664$b40$c20120126$lBLL01$h1600
=CAT  \\$a12274$b40$c20130816$lBLL01$h1737
=CAT  \\$a12274$b40$c20130820$lBLL01$h0932
=CAT  \\$a12274$b40$c20130820$lBLL01$h1337
=CAT  \\$aW1711-1225$c20171203$lBLL01$h1046
=FIN  \\$aY$d20130816
=STA  \\$aSUPPRESSED$bunable to determine reason for suppression
=LAS  \\$aW1711-1225$b00$c20171203$lBLL01$h1046

