=LDR  01617 cm a2200445 i 4500
=001  016017284
=003  Uk
=005  20140612160012.0
=006  m\\\\\\\\u\\||||||
=007  cr\|||||||||||
=008  120120s2011\\\\enkvrl\|o||||||n\\|\zxx\\
=FMT  \\$a  MU
=028  32$aKSS78$bSorabji Archive
=040  \\$aUk$beng$cUk$erda
=042  \\$aukblsr
=082  04$a784.2621825$223
=100  1\$aSorabji, Kaikhosru Shapurji,$d1892-1988,$ecomposer.
=240  10$aSymphonic variations
=245  10$aSymphonic variations :$bfor piano and orchestra (adapted from solo piano work bearing the same title) : MCMXXXV /$cSorabji ; edited by Alberto Vignani.
=250  \\$aFull score.
=250  \\$aFirst edition October 2009.
=264  \1$a[Bath] :$b[Sorabji Archive],$c[2011]
=300  \\$a1 online resource (1 score (521 pages)) :$bPDF
=336  \\$anotated music$2rdacontent
=337  \\$acomputer$2rdamedia
=338  \\$aonline resource$2rdacarrier
=546  \\$bStaff notation.
=500  \\$aIncludes preface by the editor.
=650  \0$aVariations (Piano with orchestra)$vScores.
=700  1\$aVignani, Alberto,$eeditor.
=852  41$aBritish Library$bMUSIC$jDigital store
=CAT  \\$a12664$b40$c20120126$lBLL01$h1639
=CAT  \\$a12664$b40$c20120126$lBLL01$h1643
=CAT  \\$a12664$b40$c20120210$lBLL01$h1131
=CAT  \\$a12274$b40$c20130816$lBLL01$h1643
=CAT  \\$a12274$b40$c20140612$lBLL01$h1600
=CAT  \\$aW1711-1225$c20171203$lBLL01$h1046
=FIN  \\$aY$d20130816
=STA  \\$aSUPPRESSED$bunable to determine reason for suppression
=LAS  \\$aW1711-1225$b00$c20171203$lBLL01$h1046

