=LDR  01618 cm a2200445 i 4500
=001  016017297
=003  Uk
=005  20140612160003.0
=006  m\\\\\\\\u\\||||||
=007  cr\|||||||||||
=008  120126s2011\\\\enksyl\|o||||||n\\|\zxx\\
=FMT  \\$a  MU
=040  \\$aUk$beng$cUk$erda
=042  \\$aukblsr
=082  04$a786.2184$223
=100  1\$aSorabji, Kaikhosru Shapurji,$d1892-1988,$ecomposer.
=240  10$aSymphonies,$mpiano,$nno. 1
=245  10$aTantrik symphony :$bfor piano alone : MCMXXXVIII - MCMXXXIX /$cKaikhosru Shapurji Sorabji.
=264  \1$a[Bath, England] :$b[Sorabji Music Archive],$c[2011]
=300  \\$a1 online resource (1 score (284 pages)) :$bPDF
=336  \\$anotated music$2rdacontent
=337  \\$acomputer$2rdamedia
=338  \\$aonline resource$2rdacarrier
=500  \\$aWork composed 1938-1939.
=500  \\$aWork dedicated to Erik Chisholm.
=546  \\$bStaff notation.
=500  \\$aReproduced from holograph.
=600  10$aSorabji, Kaikhosru Shapurji,$d1892-1988$vManuscripts$vFacsimiles.
=650  \0$aSymphonies (Piano)
=650  \0$aMusic$vManuscripts$vFacsimiles.
=700  1\$aChisholm, Erik,$d1904-1965,$ededicatee.
=852  41$aBritish Library$bMUSIC$jDigital store
=CAT  \\$a12664$b40$c20120126$lBLL01$h1653
=CAT  \\$a12274$b40$c20130820$lBLL01$h1605
=CAT  \\$a12274$b40$c20130820$lBLL01$h1606
=CAT  \\$a12274$b40$c20140612$lBLL01$h1600
=CAT  \\$aW1711-1225$c20171203$lBLL01$h1046
=FIN  \\$aY$d20130820
=STA  \\$aSUPPRESSED$bunable to determine reason for suppression
=LAS  \\$aW1711-1225$b00$c20171203$lBLL01$h1046

