=LDR  01851 cm a2200481 i 4500
=001  016023702
=003  Uk
=005  20140529140622.0
=006  m\\\\\\\\u\\||||||
=007  cr\|||||||||||
=008  120203s2011\\\\enkcol\|o||||||n\\|\zxx\\
=FMT  \\$a  MU
=028  32$aK.S.7$bF. and B. Goodwin Ltd.
=040  \\$aUk$beng$cUk$erda
=042  \\$aukblsr
=082  04$a784.262186$223
=100  1\$aSorabji, Kaikhosru Shapurji,$d1892-1988,$ecomposer.
=240  10$aConcertos,$mpiano, orchestra,$nno. 5 (1920)
=245  10$aConcerto for piano and orchestra /$cKaikhosru Sorabji.
=250  \\$aFull score.
=264  \1$a[Bath, England] :$b[Sorabji Music Archive],$c[2011]
=300  \\$a1 online resource (1 score (144 pages))
=336  \\$anotated music$2rdacontent
=337  \\$acomputer$2rdamedia
=338  \\$aonline resource$2rdacarrier
=347  \\$bPDF$2rda
=500  \\$aFor piano and orchestra.
=534  \\$pElectronic reproduction of (manifestation):$aSorabji, Kaikhosru Shapurji, 1892-1988.$tConcerto for piano and orchestra.$cLondon : F. and B. Goodwin, Ltd., [1923].$nPublisher's number K.S.7.
=500  \\$aPDF reproduction of an annotated copy of 1923 publication.
=546  \\$bStaff notation.
=650  \0$aConcertos (Piano)$vScores.
=852  41$aBritish Library$bMUSIC$jDigital store
=CAT  \\$a12664$b40$c20120203$lBLL01$h1324
=CAT  \\$a12664$b40$c20120203$lBLL01$h1329
=CAT  \\$a12664$b40$c20120203$lBLL01$h1332
=CAT  \\$a12274$b40$c20130813$lBLL01$h1718
=CAT  \\$a12274$b40$c20140529$lBLL01$h1357
=CAT  \\$a12274$b40$c20140529$lBLL01$h1400
=CAT  \\$a12274$b40$c20140529$lBLL01$h1406
=CAT  \\$aW1711-1225$c20171203$lBLL01$h1046
=FIN  \\$aY$d20130813
=STA  \\$aSUPPRESSED$bunable to determine reason for suppression
=LAS  \\$aW1711-1225$b00$c20171203$lBLL01$h1046

