=LDR  01488 cm a2200409 i 4500
=001  016023709
=003  Uk
=005  20140612155928.0
=006  m\\\\\\\\u\\||||||
=007  cr\|||||||||||
=008  120203s2011\\\\enkcol\|o||||||n\\|\zxx\\
=FMT  \\$a  MU
=040  \\$aUk$beng$cUk$erda
=042  \\$aukblsr
=082  04$a784.262186$223
=100  1\$aSorabji, Kaikhosru Shapurji,$d1892-1988,$ecomposer.
=240  10$aConcertos,$mpiano, orchestra,$nno. 6
=245  10$aPiano concerto no. 6 :$bConcerto for piano and orchestra (iii) : MCMXXII /$cKaikhosru Sorabji.
=264  \1$a[Bath, England] :$b[Sorabji Music Archive],$c[2011]
=300  \\$a1 online resource (1 score (144 pages)) :$bPDF
=336  \\$anotated music$2rdacontent
=337  \\$acomputer$2rdamedia
=338  \\$aonline resource$2rdacarrier
=500  \\$aFor piano and orchestra.
=500  \\$aReproduced from holograph.
=546  \\$bStaff notation.
=600  10$aSorabji, Kaikhosru Shapurji,$d1892-1988$vManuscripts$vFacsimiles.
=650  \0$aConcertos (Piano)$vScores.
=650  \0$aMusic$vManuscripts$vFacsimiles.
=852  41$aBritish Library$bMUSIC$jDigital store
=CAT  \\$a12664$b40$c20120203$lBLL01$h1333
=CAT  \\$a12274$b40$c20130814$lBLL01$h1423
=CAT  \\$a12274$b40$c20140612$lBLL01$h1559
=CAT  \\$aW1711-1225$c20171203$lBLL01$h1046
=FIN  \\$aY$d20130814
=STA  \\$aSUPPRESSED$bunable to determine reason for suppression
=LAS  \\$aW1711-1225$b00$c20171203$lBLL01$h1046

