=LDR  01759 cm a2200481 i 4500
=001  016023716
=003  Uk
=005  20140529142820.0
=006  m\\\\\\\\u\\||||||
=007  cr\|||||||||||
=008  120203s2011\\\\enkcoa\|o||||||n\\|\zxx\\
=FMT  \\$a  MU
=040  \\$aUk$beng$cUk$erda
=042  \\$aukblsr
=082  04$a784.262186$223
=100  1\$aSorabji, Kaikhosru Shapurji,$d1892-1988,$ecomposer.
=240  10$aConcertos,$mpiano, orchestra,$nno. 7
=245  10$aConcerto per pianoforte e piccola orchestra :$bSimorg-Anka : MCMXXIV /$cKaikhosru Shapurji Sorabji.
=246  3\$aSimorg-Anka
=264  \1$a[Bath, England] :$b[Sorabji Archive],$c[2011]
=300  \\$a1 online resource (1 score (100 pages))
=336  \\$anotated music$2rdacontent
=337  \\$acomputer$2rdamedia
=338  \\$aonline resource$2rdacarrier
=347  \\$aPDF$2rda
=500  \\$aFor piano and chamber orchestra.
=500  \\$aWork dedicated to Havelock Ellis.
=500  \\$aManuscript dated 1924.
=500  \\$aReproduction of holograph.
=546  \\$bStaff notation.
=600  10$aSorabji, Kaikhosru Shapurji,$d1892-1988$vManuscripts$vFacsimiles.
=650  \0$aConcertos (Piano with chamber orchestra)$vScores.
=650  \0$aMusic$vManuscripts$vFacsimiles.
=700  1\$aEllis, Havelock,$d1859-1939,$ededicatee.
=852  41$aBritish Library$bMUSIC$jDigital store
=CAT  \\$a12664$b40$c20120203$lBLL01$h1340
=CAT  \\$a12664$b40$c20120203$lBLL01$h1342
=CAT  \\$a12274$b40$c20130617$lBLL01$h1541
=CAT  \\$a12274$b40$c20140529$lBLL01$h1428
=CAT  \\$aW1711-1225$c20171203$lBLL01$h1046
=FIN  \\$aY$d20130617
=STA  \\$aSUPPRESSED$bunable to determine reason for suppression
=LAS  \\$aW1711-1225$b00$c20171203$lBLL01$h1046

