=LDR  01502 cm a2200421 i 4500
=001  016023759
=003  Uk
=005  20140529142736.0
=006  m\\\\\\\\u\\||||||
=007  cr\|||||||||||
=008  120203s2011\\\\enksnl\|o||||||n\\|\zxx\\
=FMT  \\$a  MU
=028  32$aKS 9$bSorabji Music Archive
=040  \\$aUk$beng$cUk$erda
=042  \\$aukblsr
=082  04$a786.2183$223
=100  1\$aSorabji, Kaikhosru Shapurji,$d1892-1988,$ecomposer.
=240  10$aSonatas,$mpiano,$nno. 3
=245  10$aSonata III /$cKaikhosru Sorabji.
=264  \1$a[Bath, England] :$b[Sorabji Music Archive],$c[2011]
=300  \\$a1 online resource (1 score (80 pages))
=336  \\$anotated music$2rdacontent
=337  \\$acomputer$2rdamedia
=338  \\$aonline resource$2rdacarrier
=347  \\$aPDF$2rda
=534  \\$pElectronic reproduction of (manifestation):$aSorabji, Kaikhosru Shapurji, 1892-1988.$tSonata III.$cLondon : J. Curwen and Sons Ltd., [1925].
=546  \\$bStaff notation.
=650  \0$aSonatas (Piano)
=852  41$aBritish Library$bMUSIC$jDigital store
=CAT  \\$a12664$b40$c20120203$lBLL01$h1419
=CAT  \\$a12664$b40$c20120203$lBLL01$h1422
=CAT  \\$a12664$b40$c20120203$lBLL01$h1428
=CAT  \\$a12274$b40$c20130816$lBLL01$h1302
=CAT  \\$a12274$b40$c20140529$lBLL01$h1427
=CAT  \\$aW1711-1225$c20171203$lBLL01$h1046
=FIN  \\$aY$d20130816
=STA  \\$aSUPPRESSED$bunable to determine reason for suppression
=LAS  \\$aW1711-1225$b00$c20171203$lBLL01$h1046

