=LDR  01417 cm a2200409 i 4500
=001  016023767
=003  Uk
=005  20130816124724.0
=006  m\\\\\\\\u\\||||||
=007  cr\|||||||||||
=008  120203s2011\\\\enksnl\|o||||||n\\|\zxx\\
=FMT  \\$a  MU
=028  32$aKS 48$bSorabji Music Archive
=040  \\$aUk$beng$cUk$erda
=042  \\$aukblsr
=082  04$a786.2183$223
=100  1\$aSorabji, Kaikhosru Shapurji,$d1892-1988,$ecomposer.
=240  10$aSonatas,$mpiano,$nno. 4
=245  10$aSonata IV :$b(1928-1929) /$cKaikhosru Shapurji Sorabji ; [edited by Simon Abrahams].
=264  \1$a[Bath, England] :$b[Sorabji Music Archive],$c[2011]
=300  \\$a1 online resource (1 score (129 pages)) :$bPDF
=336  \\$anotated music$2rdacontent
=337  \\$acomputer$2rdamedia
=338  \\$aonline resource$2rdacarrier
=546  \\$bStaff notation.
=500  \\$aTitle from PDF caption title.
=500  \\$aPDF viewed on 16 August 2013.
=650  \0$aSonatas (Piano)
=700  1\$aAbrahams, Simon,$eeditor.
=852  41$aBritish Library$bMUSIC$jDigital store
=CAT  \\$a12664$b40$c20120203$lBLL01$h1427
=CAT  \\$a12664$b40$c20120203$lBLL01$h1429
=CAT  \\$a12274$b40$c20130816$lBLL01$h1247
=CAT  \\$aW1711-1225$c20171203$lBLL01$h1046
=FIN  \\$aY$d20130816
=STA  \\$aSUPPRESSED$bunable to determine reason for suppression
=LAS  \\$aW1711-1225$b00$c20171203$lBLL01$h1046

