=LDR  01375 cm a2200397 i 4500
=001  016023810
=003  Uk
=005  20140612155913.0
=006  m\\\\\\\\u\\||||||
=007  cr\|||||||||||
=008  120203s2011\\\\enksnl\|o||||||n\\|\zxx\\
=FMT  \\$a  MU
=040  \\$aUk$beng$cUk$erda
=042  \\$aukblsr
=082  04$a786.2183$223
=100  1\$aSorabji, Kaikhosru Shapurji,$d1892-1988,$ecomposer.
=240  10$aSonatas,$mpiano,$nno. 5
=245  10$aPiano sonata no. 5 :$b'Opus archimagicum' : for piano solo /$cKaikhosru Shapurji Sorabji ; edition by Alexander Abercrombie.
=246  30$aOpus archimagicum
=264  \1$a[Bath, England] :$b[Sorabji Music Archive],$c[2011]
=300  \\$a1 online resource (1 score (432 pages)) :$bPDF
=336  \\$anotated music$2rdacontent
=337  \\$acomputer$2rdamedia
=338  \\$aonline resource$2rdacarrier
=500  \\$aFor piano.
=500  \\$aWork composed 1935.
=546  \\$bStaff notation.
=650  \0$aSonatas (Piano)
=852  41$aBritish Library$bMUSIC$jDigital store
=CAT  \\$a12664$b40$c20120203$lBLL01$h1452
=CAT  \\$a12274$b40$c20130814$lBLL01$h1435
=CAT  \\$a12274$b40$c20140612$lBLL01$h1559
=CAT  \\$aW1711-1225$c20171203$lBLL01$h1046
=FIN  \\$aY$d20130814
=STA  \\$aSUPPRESSED$bunable to determine reason for suppression
=LAS  \\$aW1711-1225$b00$c20171203$lBLL01$h1046

