=LDR  01478 cm a2200421 i 4500
=001  016023867
=003  Uk
=005  20140612155828.0
=006  m\\\\\\\\u\\||||||
=007  cr\|||||||||||
=008  120203s2011\\\\enkzzl\|o||||||n\\|\zxx\\
=FMT  \\$a  MU
=040  \\$aUk$beng$cUk$erda
=042  \\$aukblsr
=082  04$a786.2184$223
=100  1\$aSorabji, Kaikhosru Shapurji,$d1892-1988,$ecomposer.
=240  10$aSymphonies,$mpiano,$nno. 6
=245  10$aSixth symphony for piano :$b(Symphonia claviensis) /$cKaikhosru Shapurji Sorabji.
=264  \1$a[Bath, England] :$b[Sorabji Music Archive],$c[2011]
=300  \\$a1 online resouce (1 score (270 pages)) :$bPDF
=336  \\$anotated music$2rdacontent
=337  \\$acomputer$2rdamedia
=338  \\$aonline resource$2rdacarrier
=500  \\$aFor piano.
=546  \\$bStaff notation.
=500  \\$aReproduced from holograph.
=500  \\$aHolograph dated 1975.
=600  10$aSorabji, Kaikhosru Shapurji,$d1892-1988$vManuscripts$vFacsimiles.
=650  \0$aSymphonies (Piano)
=650  \0$aMusic$vManuscripts$vFacsimiles.
=852  41$aBritish Library$bMUSIC$jDigital store
=CAT  \\$a12664$b40$c20120203$lBLL01$h1623
=CAT  \\$a12274$b40$c20130816$lBLL01$h1150
=CAT  \\$a12274$b40$c20140612$lBLL01$h1558
=CAT  \\$aW1711-1225$c20171203$lBLL01$h1047
=FIN  \\$aY$d20130816
=STA  \\$aSUPPRESSED$bunable to determine reason for suppression
=LAS  \\$aW1711-1225$b00$c20171203$lBLL01$h1047

