=LDR  01568 cm a2200433 i 4500
=001  016028495
=003  Uk
=005  20140612155813.0
=006  m\\\\\\\\u\\||||||
=007  cr\|||||||||||
=008  120210s2011\\\\enkzzl\|o||||||n\\|\zxx\\
=FMT  \\$a  MU
=040  \\$aUk$beng$cUk$erda
=042  \\$aukblsr
=082  04$a786.2$223
=100  1\$aSorabji, Kaikhosru Shapurji,$d1892-1988,$ecomposer.
=240  10$aSutras sul nome dell'amico Alexis
=245  10$aSutra sul nom del amico Alexis :$bper il caro amico quasi Nipote - Alexis /$cKaikhosru Shapurji Sorabji.
=264  \1$a[Bath, England] :$b[Sorabji Music Archive],$c[2011]
=300  \\$a1 online resource (1 score (1 unnumbered page)) :$bPDF
=336  \\$anotated music$2rdacontent
=337  \\$acomputer$2rdamedia
=338  \\$aonline resource$2rdacarrier
=500  \\$aFor piano.
=546  \\$bStaff notation.
=500  \\$aReproduced from holograph.
=600  10$aSorabji, Kaikhosru Shapurji,$d1892-1988$vManuscripts$vFacsimiles.
=650  \0$aPiano music.
=650  \0$aMusic$vManuscripts$vFacsimiles.
=852  41$aBritish Library$bMUSIC$jDigital store
=CAT  \\$a12664$b40$c20120210$lBLL01$h1059
=CAT  \\$a12664$b40$c20120210$lBLL01$h1100
=CAT  \\$a12664$b40$c20120210$lBLL01$h1128
=CAT  \\$a12274$b40$c20130813$lBLL01$h1705
=CAT  \\$a12274$b40$c20140612$lBLL01$h1558
=CAT  \\$aW1711-1225$c20171203$lBLL01$h1047
=FIN  \\$aY$d20130813
=STA  \\$aSUPPRESSED$bunable to determine reason for suppression
=LAS  \\$aW1711-1225$b00$c20171203$lBLL01$h1047

