=LDR  01837 cm a2200493 i 4500
=001  016028532
=003  Uk
=005  20131002101426.0
=006  m\\\\\\\\u\\||||||
=007  cr\|||||||||||
=008  120210s2011\\\\enkcoze|o||||||n\\|\zxx\\
=FMT  \\$a  MU
=040  \\$aUk$beng$cUk$erda
=042  \\$aukblsr
=082  04$a784.262186$223
=100  1\$aSorabji, Kaikhosru Shapurji,$d1892-1988,$ecomposer.
=240  10$aConcertos,$mpiano, orchestra,$nno. 2, op. 10
=245  10$aConcerto II pour piano et orchestre :$b(1920) /$cKaikhosru Sorabji ; [edited by Pieter Visser].
=264  \1$a[Bath, England] :$b[Sorabji Music Archive],$c[2011]
=300  \\$a1 online resource (1 set of parts (various pagings)) :$bPDF
=336  \\$anotated music$2rdacontent
=337  \\$acomputer$2rdamedia
=338  \\$aonline resource$2rdacarrier
=500  \\$aFor piano and orchestra.
=500  \\$aOrchestral parts only.
=500  \\$aTitle from PDF caption title (piccolo part).
=500  \\$aPDF viewed on 17 June 2013.
=538  \\$aSystem requirements: Adobe Acrobat Reader.
=546  \\$bStaff notation.
=650  \0$aConcertos (Piano)$vParts.
=700  1\$aVisser, Pieter$c(Musician),$eeditor.
=852  41$aBritish Library$bMUSIC$jDigital store
=CAT  \\$a12664$b40$c20120210$lBLL01$h1123
=CAT  \\$a12664$b40$c20120210$lBLL01$h1126
=CAT  \\$a12664$b40$c20120210$lBLL01$h1128
=CAT  \\$a12274$b40$c20130617$lBLL01$h1440
=CAT  \\$a12274$b40$c20130617$lBLL01$h1443
=CAT  \\$a12274$b40$c20130617$lBLL01$h1524
=CAT  \\$a12274$b40$c20130617$lBLL01$h1613
=CAT  \\$a10743$b40$c20131002$lBLL01$h1014
=CAT  \\$aW1711-1225$c20171203$lBLL01$h1047
=FIN  \\$aY$d20130617
=STA  \\$aSUPPRESSED$bunable to determine reason for suppression
=LAS  \\$aW1711-1225$b00$c20171203$lBLL01$h1047

