=LDR  01477 cm a2200409 i 4500
=001  016028546
=003  Uk
=005  20130816165102.0
=006  m\\\\\\\\u\\||||||
=007  cr\|||||||||||
=008  120210s2011\\\\enkvrl\|o||||||n\\|\zxx\\
=FMT  \\$a  MU
=040  \\$aUk$beng$cUk$erda
=042  \\$aukblsr
=082  04$a786.21825$223
=100  1\$aSorabji, Kaikhosru Shapurji,$d1892-1988,$ecomposer.
=240  10$aSymphonic variations
=245  10$aSymphonic variations for piano and orchestra :$bmain score /$cKaikhosru Shapurji Sorabji.
=264  \1$a[Bath] :$b[Sorabji Archive],$c[2011]
=300  \\$a1 online resource (1 score (540 pages)) :$bPDF
=336  \\$anotated music$2rdacontent
=337  \\$acomputer$2rdamedia
=338  \\$aonline resource$2rdacarrier
=546  \\$bStaff notation.
=500  \\$aReproduced from holograph.
=500  \\$aPDF viewed on 16 August 2013.
=600  10$aSorabji, Kaikhosru Shapurji,$d1892-1988$vManuscripts$vFacsimiles.
=650  \0$aVariations (Piano with orchestra)$vParts (solo)
=650  \0$aMusic$vManuscripts$vFacsimiles.
=852  41$aBritish Library$bMUSIC$jDigital store
=CAT  \\$a12664$b40$c20120210$lBLL01$h1138
=CAT  \\$a12664$b40$c20120210$lBLL01$h1140
=CAT  \\$a12274$b40$c20130816$lBLL01$h1651
=CAT  \\$aW1711-1225$c20171203$lBLL01$h1047
=FIN  \\$aY$d20130816
=STA  \\$aSUPPRESSED$bunable to determine reason for suppression
=LAS  \\$aW1711-1225$b00$c20171203$lBLL01$h1047

